% This file was created with JabRef 2.7b.
% Encoding: UTF8

@INPROCEEDINGS{Lohmann2009,
  author = {Lohmann, Steffen and Dietzold, Sebastian and Heim, Philipp and Heino,
	Norman},
  title = {{A Web Platform for Social Requirements Engineering}},
  booktitle = {{Software Engineering (Workshops)}},
  year = {2009},
  editor = {Münch, Jürgen and Liggesmeyer, Peter},
  volume = {150},
  series = {LNI},
  pages = {309-315},
  publisher = {GI},
  biburl = {http://www.bibsonomy.org/bibtex/295408878bf8a438b3542652412076b87/philippheim},
  crossref = {conf/se/2009w},
  interhash = {c661d13bc8b011de43fcba16c5749df5},
  intrahash = {95408878bf8a438b3542652412076b87},
  isbn = {978-3-88579-244-4},
  keywords = {2009 myown softwiki},
  timestamp = {2010-08-10T14:47:24.000+0200},
  url = {http://subs.emis.de/LNI/Proceedings/Proceedings150/article5334.html}
}

@INPROCEEDINGS{Angles2008,
  author = {Renzo Angles and Claudio Gutierrez},
  title = {{The Expressive Power of SPARQL}},
  booktitle = {{Proceedings of the 7th International Semantic Web Conference (ISWC
	2008)}},
  year = {2008},
  pages = {114--129},
  owner = {Thomas},
  timestamp = {2014.05.01}
}

@INCOLLECTION{Anicic-Ivezic-Marjanovic-2007,
  author = {Anicic, Nenad and Ivezic, Nenad and Marjanovic, Zoran},
  title = {{Mapping XML Schema to OWL}},
  booktitle = {{Enterprise Interoperability}},
  publisher = {Springer},
  year = {2007},
  pages = {243--252}
}

@TECHREPORT{Apache-2015,
  author = {{Apache Software Foundation}},
  title = {{Apache Log4j 2 v. 2.3 User's Guide}},
  institution = {Apache Software Foundation},
  year = {2015},
  month = {May},
  note = {\url{http://logging.apache.org/log4j/2.x/log4j-users-guide.pdf}},
  url = {http://logging.apache.org/log4j/2.x/log4j-users-guide.pdf}
}

@TECHREPORT{W3C-SPARQL1.1-Overview-2013,
  author = {Aranda, Carlos Buil and Corby, Olivier and Das, Souripriya and Feigenbaum,
	Lee and Gearon, Paul and Glimm, Birte and Harris, Steve and Hawke,
	Sandro and Herman, Ivan and Humfrey, Nicholas and Michaelis, Nico
	and Ogbuji, Chimezie and Perry, Matthew and Passant, Alexandre and
	Polleres, Axel and Prud'hommeaux, Eric and Seaborne, Andy and Williams,
	Gregory Todd},
  title = {{SPARQL 1.1 Overview}},
  institution = {W3C},
  year = {2013},
  type = {{W3C Recommendation}},
  month = {March},
  note = {\url{http://www.w3.org/TR/2013/REC-sparql11-overview-20130321/}},
  owner = {Thomas},
  timestamp = {2014.05.03},
  url = {\url{http://www.w3.org/TR/2013/REC-sparql11-overview-20130321/}}
}

@BOOK{Arora:2009:CCM:1540612,
  title = {{Computational Complexity: A Modern Approach}},
  publisher = {{Cambridge University Press}},
  year = {2009},
  author = {Arora, Sanjeev and Barak, Boaz},
  address = {New York, NY, USA},
  edition = {1st},
  isbn = {0521424267, 9780521424264}
}

@ARTICLE{Artale2009,
  author = {Artale, Alessandro and Calvanese, Diego and Kontchakov, Roman and
	Zakharyaschev, Michael},
  title = {{The DL-Lite Family and Relations}},
  journal = {{Journal of Artificial Intelligence Research}},
  year = {2009},
  volume = {36},
  pages = {1--69},
  number = {1},
  month = sep,
  acmid = {1734954},
  address = {USA},
  issn = {1076-9757},
  issue_date = {September 2009},
  numpages = {69},
  publisher = {AI Access Foundation},
  url = {http://dl.acm.org/citation.cfm?id=1734953.1734954}
}

@INCOLLECTION{Baader-Nutt-2003,
  author = {Baader, Franz and Nutt, Werner},
  title = {{The Description Logic Handbook}},
  booktitle = {{Basic Description Logics}},
  publisher = {Cambridge University Press},
  year = {2003},
  editor = {Baader, Franz and Calvanese, Diego and McGuinness, Deborah L. and
	Nardi, Daniele and Patel-Schneider, Peter F.},
  pages = {43--95},
  address = {New York, NY, USA},
  acmid = {885749},
  isbn = {0-521-78176-0},
  numpages = {53},
  url = {http://dl.acm.org/citation.cfm?id=885746.885749}
}

@INPROCEEDINGS{Battle-2006,
  author = {Battle, Steve},
  title = {{Gloze: XML to RDF and Back Again}},
  booktitle = {{Proceedings of the 1st Jena User Conference}},
  year = {2006},
  address = {{Bristol, UK}}
}

@TECHREPORT{XMLSchema-Part2-2004,
  author = {Biron, Paul V. and Malhotra, Ashok},
  title = {{XML Schema Part 2: Datatypes Second Edition}},
  institution = {W3C},
  year = {2004},
  type = {{W3C Recommendation}},
  month = {10},
  note = {\url{http://www.w3.org/TR/2004/REC-xmlschema-2-20041028/}},
  url = {\url{http://www.w3.org/TR/2004/REC-xmlschema-2-20041028/}}
}

@TECHREPORT{W3C-OWL2-2012,
  author = {Conrad Bock and Achille Fokoue and Peter Haase and Rinke Hoekstra
	and Ian Horrocks and Alan Ruttenberg and Uli Sattler and Michael
	Smith},
  title = {{OWL 2 Web Ontology Language - Structural Specification and Functional-Style
	Syntax (Second Edition)}},
  institution = {W3C},
  year = {2012},
  type = {{W3C Recommendation}},
  month = {December},
  note = {http://www.w3.org/TR/2012/REC-owl2-syntax-20121211/},
  owner = {Thomas},
  timestamp = {2014.05.03},
  utl = {http://www.w3.org/TR/2012/REC-owl2-syntax-20121211/}
}

@INPROCEEDINGS{Bohring-Auer-2005,
  author = {Hannes Bohring and Sören Auer},
  title = {{Mapping XML to OWL Ontologies}},
  booktitle = {{Leipziger Informatik-Tage, Volume 72 of LNI}},
  year = {2005},
  pages = {147--156},
  address = {{Leipzig, Germany}},
  publisher = {GI}
}

@ARTICLE{Boneva-2014,
  author = {Iovka Boneva and Jos{\'{e}} Emilio Labra Gayo and Samuel Hym and
	Eric G. Prud'hommeau and Harold R. Solbrig and Slawek Staworko},
  title = {{Validating RDF with Shape Expressions}},
  journal = {Computing Research Repository (CoRR)},
  year = {2014},
  volume = {abs/1404.1270},
  bibsource = {dblp computer science bibliography, http://dblp.org},
  biburl = {http://dblp.uni-trier.de/rec/bib/journals/corr/BonevaGHPSS14},
  timestamp = {Thu, 01 May 2014 14:56:20 +0200},
  url = {http://arxiv.org/abs/1404.1270}
}

@TECHREPORT{W3C-SHACL-2-2015,
  author = {Boneva, Iovka and Prud'hommeaux, Eric},
  title = {{Core SHACL Semantics}},
  institution = {W3C},
  year = {2015},
  type = {{W3C Editor's Draft}},
  month = {July},
  note = {http://w3c.github.io/data-shapes/semantics/},
  utl = {http://w3c.github.io/data-shapes/semantics/}
}

@TECHREPORT{Bos-1997,
  author = {Bos, Bert},
  title = {{The XML Data Model}},
  institution = {W3C},
  year = {1997},
  note = {http://www.w3.org/XML/Datamodel.html},
  url = {http://www.w3.org/XML/Datamodel.html}
}

@INCOLLECTION{Bosch2012,
  author = {Bosch, Thomas},
  title = {{Reusing XML Schemas' Information as a Foundation for Designing Domain
	Ontologies}},
  booktitle = {The Semantic Web - ISWC 2012},
  publisher = {Springer Berlin Heidelberg},
  year = {2012},
  editor = {Cudré-Mauroux, Philippe and Heflin, Jeff and Sirin, Evren and Tudorache,
	Tania and Euzenat, JÃ©rÃ´me and Hauswirth, Manfred and Parreira,
	JosianeXavier and Hendler, Jim and Schreiber, Guus and Bernstein,
	Abraham and Blomqvist, Eva},
  volume = {7650},
  series = {Lecture Notes in Computer Science},
  pages = {437-440},
  note = {\url{http://dx.doi.org/10.1007/978-3-642-35173-0_34}},
  doi = {10.1007/978-3-642-35173-0_34},
  isbn = {978-3-642-35172-3},
  keywords = {Semantic Web; Ontology Design; OWL; XML; XSD; XSLT},
  language = {English},
  url = {http://dx.doi.org/10.1007/978-3-642-35173-0_34}
}

@INPROCEEDINGS{BoschCyganiakGregoryWackerow2013,
  author = {Bosch, Thomas and Cyganiak, Richard and Gregory, Arofan and Wackerow,
	Joachim},
  title = {{DDI-RDF Discovery Vocabulary: A Metadata Vocabulary for Documenting
	Research and Survey Data}},
  booktitle = {{Proceedings of the International World Wide Web Conference (WWW
	2013), Workshop on Linked Data on the Web}},
  year = {2013},
  volume = {996},
  address = {{Rio de Janeiro, Brazil}},
  note = {\url{http://ceur-ws.org/Vol-996/}},
  url = {http://ceur-ws.org/Vol-996/}
}

@TECHREPORT{BoschCyganiakWackerowZapilko2015,
  author = {Bosch, Thomas and Cyganiak, Richard and Wackerow, Joachim and Zapilko,
	Benjamin},
  title = {{DDI-RDF Discovery Vocabulary: A Vocabulary for Publishing Metadata
	about Data Sets (Research and Survey data) into the Web of Linked
	Data}},
  institution = {{DDI Alliance}},
  year = {2015},
  type = {{DDI Alliance Specification}},
  note = {\url{http://rdf-vocabulary.ddialliance.org/discovery}},
  owner = {Thomas Bosch},
  timestamp = {2014.11.08},
  url = {http://rdf-vocabulary.ddialliance.org/discovery}
}

@INPROCEEDINGS{BoschCyganiakWackerowZapilko2012,
  author = {Bosch, Thomas and Cyganiak, Richard and Wackerow, Joachim and Zapilko,
	Benjamin},
  title = {{Leveraging the DDI Model for Linked Statistical Data in the Social,
	Behavioural, and Economic Sciences}},
  booktitle = {{Proceedings of the DCMI International Conference on Dublin Core
	and Metadata Applications (DC 2012)}},
  year = {2012},
  address = {{Kuching, Sarawak, Malaysia}},
  month = {September},
  owner = {Thomas Bosch},
  timestamp = {2014.11.08}
}

@INPROCEEDINGS{BoschEckert2014,
  author = {Bosch, Thomas and Eckert, Kai},
  title = {{Requirements on RDF Constraint Formulation and Validation}},
  booktitle = {{Proceedings of the DCMI International Conference on Dublin Core
	and Metadata Applications (DC 2014)}},
  year = {2014},
  address = {{Austin, Texas, USA}},
  note = {\url{http://dcevents.dublincore.org/IntConf/dc-2014/paper/view/257}},
  url = {http://dcevents.dublincore.org/IntConf/dc-2014/paper/view/257}
}

@INPROCEEDINGS{BoschEckert2014-2,
  author = {Bosch, Thomas and Eckert, Kai},
  title = {{Towards Description Set Profiles for RDF using SPARQL as Intermediate
	Language}},
  booktitle = {{Proceedings of the DCMI International Conference on Dublin Core
	and Metadata Applications (DC 2014)}},
  year = {2014},
  address = {{Austin, Texas, USA}},
  owner = {Thomas Bosch},
  timestamp = {2014.11.09}
}

@ARTICLE{BoschMathiak2013,
  author = {Bosch, Thomas and Mathiak, Brigitte},
  title = {{How to Accelerate the Process of Designing Domain Ontologies based
	on XML Schemas}},
  journal = {{Special Issue on Metadata, Semantics and Ontologies for Web Intelligence}},
  year = {2013},
  volume = {8},
  pages = {254 - 266},
  number = {3},
  note = {http://www.inderscience.com/info/inarticle.php?artid=57760},
  doi = {10.1504/IJMSO.2013.057760},
  editor = {Monfort, Valérie and Gargouri, Faiez and Ghedira, Khaled and Meziane,
	Abdelkrim},
  isbn = {978-3-642-12813-4},
  keywords = {ntology design; domain ontologies; generated ontologies; XML schemas;
	XSD; XML schema metamodels; semantic web; linked data; OWL; RDF;
	SWRL rules; metadata; semantics; domain data modelling},
  owner = {Thomas},
  publisher = {Inderscience},
  series = {International Journal of Metadata, Semantics and Ontologies},
  timestamp = {2014.05.05},
  url = {http://www.inderscience.com/info/inarticle.php?artid=57760}
}

@ARTICLE{BoschMathiak2015,
  author = {Bosch, Thomas and Mathiak, Brigitte},
  title = {{Use Cases Related to an Ontology of the Data Documentation Initiative}},
  journal = {{IASSIST Quarterly}},
  year = {2015},
  owner = {Thomas Bosch},
  timestamp = {2014.11.07}
}

@TECHREPORT{BoschMathiak2013-2,
  author = {Bosch, Thomas and Mathiak, Brigitte},
  title = {{Evaluation of a Generic Approach for Designing Domain Ontologies
	Based on XML Schemas}},
  institution = {Gesis - Leibniz Institute for the Social Sciences},
  year = {2013},
  type = {{Gesis Technical Report}},
  number = {08},
  address = {{Mannheim, Germany}},
  note = {http://www.gesis.org/publikationen/archiv/gesis-technical-reports/},
  owner = {Thomas Bosch},
  timestamp = {2014.11.09},
  url = {http://www.gesis.org/publikationen/archiv/gesis-technical-reports/}
}

@INPROCEEDINGS{BoschMathiak2012,
  author = {Bosch, Thomas and Mathiak, Brigitte},
  title = {{XSLT Transformation Generating OWL Ontologies Automatically Based
	on XML Schemas}},
  booktitle = {{Proceedings of the 6th International Conference for Internet Technology
	and Secured Transactions (ICITST 2011), IEEE Xplore Digital Library}},
  year = {2012},
  pages = {660-667},
  address = {{Abu Dhabi, United Arab Emirates}},
  owner = {Thomas Bosch},
  timestamp = {2014.11.08}
}

@INPROCEEDINGS{BoschMathiak2011,
  author = {Bosch, Thomas and Mathiak, Brigitte},
  title = {{Generic Multilevel Approach Designing Domain Ontologies Based on
	XML Schemas}},
  booktitle = {{Proceedings of the 10th International Semantic Web Conference (ISWC
	2011), CEUR Workshop Proceedings of the Workshop Ontologies Come
	of Age in the Semantic Web}},
  year = {2011},
  pages = {1--12},
  address = {{Bonn, Germany}},
  month = {October},
  owner = {Thomas Bosch},
  timestamp = {2014.11.08}
}

@ARTICLE{BoschNolleAcarEckert2015,
  author = {Bosch, Thomas and Nolle, Andreas and Acar, Erman and Eckert, Kai},
  title = {{RDF Validation Requirements - Evaluation and Logical Underpinning}},
  journal = {Computing Research Repository (CoRR)},
  year = {2015},
  volume = {abs/1501.03933},
  note = {\url{http://arxiv.org/abs/1501.03933}},
  archiveprefix = {arXiv},
  eprint = {cs/1501.03933},
  eprintclass = {cs.LO},
  eprinttype = {arxiv},
  owner = {Thomas Bosch},
  primaryclass = {cs.LO},
  timestamp = {2014.12.17},
  url = {http://arxiv.org/abs/1501.03933}
}

@ARTICLE{BoschOlssonGregoryWackerow2015,
  author = {Bosch, Thomas and Olsson, Olof and Gregory, Arofan and Wackerow,
	Joachim},
  title = {{DDI-RDF - A Discovery Model for Microdata}},
  journal = {{IASSIST Quarterly}},
  year = {2015},
  owner = {Thomas Bosch},
  timestamp = {2014.11.08}
}

@INPROCEEDINGS{BoschWira-AlamMathiak2011,
  author = {Bosch, Thomas and Wira-Alam, Andias and Mathiak, Brigitte},
  title = {{Designing an Ontology for the Data Documentation Initiative}},
  booktitle = {{Proceedings of the 8th Extended Semantic Web Conference (ESWC),
	Poster-Session}},
  year = {2011},
  address = {{Heraklion, Greece}},
  note = {\url{http://www.eswc2011.org/content/accepted-posters.html}},
  url = {\url{http://www.eswc2011.org/content/accepted-posters.html}}
}

@ARTICLE{Bosch-Wira-Alam-Mathiak-2014,
  author = {Thomas Bosch and Andias Wira{-}Alam and Brigitte Mathiak},
  title = {{Designing an Ontology for the Data Documentation Initiative}},
  journal = {Computing Research Repository (CoRR)},
  year = {2014},
  volume = {abs/1402.3470},
  note = {\url{http://arxiv.org/abs/1402.3470}},
  bibsource = {dblp computer science bibliography, http://dblp.org},
  biburl = {http://dblp.uni-trier.de/rec/bib/journals/corr/BoschWM14},
  timestamp = {Wed, 05 Mar 2014 14:43:44 +0100},
  url = {http://arxiv.org/abs/1402.3470}
}

@ARTICLE{BoschZapilko2015,
  author = {Bosch, Thomas and Zapilko, Benjamin},
  title = {{Semantic Web Applications for the Social Sciences}},
  journal = {{IASSIST Quarterly}},
  year = {2015},
  owner = {Thomas Bosch},
  timestamp = {2014.11.07}
}

@ARTICLE{BoschZapilkoWackerowEckert2015,
  author = {Bosch, Thomas and Zapilko, Benjamin and Wackerow, Joachim and Eckert,
	Kai},
  title = {{RDF Constraints to Validate Rectangular Data and Metadata on Person-Level
	Data, Aggregated Data, Thesauri, and Statistical Classifications}},
  journal = {Computing Research Repository (CoRR)},
  year = {2015},
  volume = {abs/1504.04479},
  note = {\url{http://arxiv.org/abs/1504.04479}},
  archiveprefix = {arXiv},
  eprint = {1504.04479},
  eprintclass = {cs.LO},
  eprinttype = {arxiv},
  owner = {Thomas Bosch},
  primaryclass = {cs.LO},
  timestamp = {2015.02.20},
  url = {http://arxiv.org/abs/1504.04479}
}

@ARTICLE{BoschZapilkoWackerowEckert2015-2,
  author = {Bosch, Thomas and Zapilko, Benjamin and Wackerow, Joachim and Eckert,
	Kai},
  title = {{An Evaluation of Metadata and Data Quality on Person-Level, Aggregated,
	Thesauri, Statistical Classifications, and Rectangular Data Sets}},
  journal = {Computing Research Repository (CoRR)},
  year = {2015},
  volume = {abs/1504.04478},
  note = {\url{http://arxiv.org/abs/1504.04478}},
  archiveprefix = {arXiv},
  eprint = {1504.04478},
  eprintclass = {cs.LO},
  eprinttype = {arxiv},
  owner = {Thomas Bosch},
  primaryclass = {cs.LO},
  timestamp = {2015.04.10},
  url = {http://arxiv.org/abs/1504.04478}
}

@INPROCEEDINGS{BoschZapilkoWackerowGregory2013,
  author = {Bosch, Thomas and Zapilko, Benjamin and Wackerow, Joachim and Gregory,
	Arofan},
  title = {{Towards the Discovery of Person-Level Data - Reuse of Vocabularies
	and Related Use Cases}},
  booktitle = {{Proceedings of the 12th International Semantic Web Conference (ISWC),
	1st International Workshop on Semantic Statistics}},
  year = {2013},
  address = {{Sydney, Australia}},
  month = {October},
  owner = {Thomas Bosch},
  timestamp = {2014.11.08}
}

@TECHREPORT{XML2008,
  author = {Bray, Tim and Paoli, Jean and Sperberg-McQueen, C. M. and Maler,
	Eve and Yergeau, François},
  title = {{Extensible Markup Language (XML) 1.0 (Fifth Edition)}},
  institution = {W3C},
  year = {2008},
  type = {{W3C Recommendation}},
  month = {November},
  note = {http://www.w3.org/TR/2008/REC-xml-20081126/},
  owner = {Thomas Bosch},
  timestamp = {2015.06.17},
  url = {http://www.w3.org/TR/2008/REC-xml-20081126/}
}

@TECHREPORT{W3C-RDFS-2014,
  author = {Brickley, Dan and Guha, R. V.},
  title = {{RDF Schema 1.1}},
  institution = {W3C},
  year = {2014},
  type = {{W3C Recommendation}},
  month = {February},
  note = {http://www.w3.org/TR/2014/REC-rdf-schema-20140225/},
  url = {http://www.w3.org/TR/2014/REC-rdf-schema-20140225/}
}

@PHDTHESIS{Brockmans-2007,
  author = {Brockmans, Sara},
  title = {{Metamodel-based Knowledge Representation}},
  school = {{Karlsruhe Institute of Technology (KIT)}},
  year = {2007},
  address = {Karlsruhe, Germany},
  month = {July},
  owner = {Thomas Bosch},
  timestamp = {2015.06.24}
}

@INCOLLECTION{Brockmans-Colomb-2006,
  author = {Brockmans, Saartje and Colomb, RobertM. and Haase, Peter and Kendall,
	ElisaF. and Wallace, EvanK. and Welty, Chris and Xie, GuoTong},
  title = {{A Model Driven Approach for Building OWL DL and OWL Full Ontologies}},
  booktitle = {{The Semantic Web - ISWC 2006}},
  publisher = {Springer Berlin Heidelberg},
  year = {2006},
  editor = {Cruz, Isabel and Decker, Stefan and Allemang, Dean and Preist, Chris
	and Schwabe, Daniel and Mika, Peter and Uschold, Mike and Aroyo,
	LoraM.},
  volume = {4273},
  series = {Lecture Notes in Computer Science},
  pages = {187-200},
  doi = {10.1007/11926078_14},
  isbn = {978-3-540-49029-6},
  language = {English},
  url = {http://dx.doi.org/10.1007/11926078_14}
}

@TECHREPORT{Brockmans-Haase-2-2006,
  author = {Brockmans, Saartje and Haase, Peter},
  title = {{A Metamodel and UML Profile for Networked Ontologies - A Complete
	Reference}},
  institution = {Universität Karlsruhe (TH)},
  year = {2006},
  month = {April}
}

@TECHREPORT{Brockmans-Haase-3-2006,
  author = {Brockmans, Saartje and Haase, Peter},
  title = {{A Metamodel and UML Profile for Rule-extended OWL DL Ontologies
	- A Complete Reference}},
  institution = {Universität Karlsruhe (TH)},
  year = {2006},
  month = {March}
}

@INCOLLECTION{Brockmans-Haase-2006,
  author = {Brockmans, Saartje and Haase, Peter and Hitzler, Pascal and Studer,
	Rudi},
  title = {{A Metamodel and UML Profile for Rule-Extended OWL DL Ontologies}},
  booktitle = {{The Semantic Web: Research and Applications}},
  publisher = {Springer Berlin Heidelberg},
  year = {2006},
  editor = {Sure, York and Domingue, John},
  volume = {4011},
  series = {Lecture Notes in Computer Science},
  pages = {303-316},
  doi = {10.1007/11762256_24},
  isbn = {978-3-540-34544-2},
  language = {English},
  url = {http://dx.doi.org/10.1007/11762256_24}
}

@INCOLLECTION{Brockmans-Haase-Stuckenschmidt-2006,
  author = {Brockmans, Saartje and Haase, Peter and Stuckenschmidt, Heiner},
  title = {{Formalism-Independent Specification of Ontology Mappings - A Metamodeling
	Approach}},
  booktitle = {{On the Move to Meaningful Internet Systems 2006: CoopIS, DOA, GADA,
	and ODBASE}},
  publisher = {Springer Berlin Heidelberg},
  year = {2006},
  editor = {Meersman, Robert and Tari, Zahir},
  volume = {4275},
  series = {Lecture Notes in Computer Science},
  pages = {901-908},
  doi = {10.1007/11914853_56},
  isbn = {978-3-540-48287-1},
  language = {English},
  url = {http://dx.doi.org/10.1007/11914853_56}
}

@INPROCEEDINGS{Brockmans-2006,
  author = {Brockmans, Saartje and Haase, Peter and Studer, Rudi},
  title = {{A MOF-based Metamodel and UML Syntax for Networked Ontologies}},
  booktitle = {{5th International Semantic Web Conference (ISWC), 2nd International
	Workshop on Semantic Web Enabled Software Engineering (SWESE)}},
  year = {2006},
  month = {May},
  keywords = {imported ontologies semantic semanticweb}
}

@INCOLLECTION{Brockmans-2004,
  author = {Brockmans, Sara and Volz, Raphael and Eberhart, Andreas and Löffler,
	Peter},
  title = {{Visual Modeling of OWL DL Ontologies Using UML}},
  booktitle = {{The Semantic Web - ISWC 2004}},
  publisher = {Springer Berlin Heidelberg},
  year = {2004},
  editor = {McIlraith, Sheila A. and Plexousakis, Dimitris and van Harmelen,
	Frank},
  volume = {3298},
  series = {Lecture Notes in Computer Science},
  pages = {198-213},
  doi = {10.1007/978-3-540-30475-3_15},
  isbn = {978-3-540-23798-3},
  language = {English},
  url = {http://dx.doi.org/10.1007/978-3-540-30475-3_15}
}

@BOOK{Budinsky-2003,
  title = {{Eclipse Modeling Framework: A Developer's Guide}},
  publisher = {{Addison-Wesley Professional}},
  year = {2003},
  author = {Budinsky, F. and Steinberg, David and Merks, Ed and Ellersick, Raymond
	and Grose, Tomothy J.},
  series = {{The Eclipse Series}},
  isbn = {9780131425422},
  lccn = {2003052408},
  owner = {Thomas Bosch},
  timestamp = {2015.06.24},
  url = {https://books.google.de/books?id=ff-9ZYhvPwwC}
}

@BOOK{Bussler-2003,
  title = {B2B Integration: Concepts and Architecture},
  publisher = {{Springer-Verlag Berlin Heidelberg}},
  year = {2003},
  author = {Bussler, C.},
  __markedentry = {[Thomas Bosch:6]},
  doi = {10.1007/978-3-662-05169-6},
  isbn = {978-3-540-43487-0},
  lccn = {2003050556},
  owner = {Thomas Bosch},
  timestamp = {2015.06.26},
  url = {https://books.google.de/books?id=MM-P0AJe25cC}
}

@INCOLLECTION{Bezivin-2006,
  author = {Bézivin, Jean},
  title = {{Model Driven Engineering: An Emerging Technical Space}},
  booktitle = {{Generative and Transformational Techniques in Software Engineering}},
  publisher = {Springer Berlin Heidelberg},
  year = {2006},
  editor = {Lämmel, Ralf and Saraiva, Jo\u00e3o and Visser, Joost},
  volume = {4143},
  series = {Lecture Notes in Computer Science},
  pages = {36-64},
  doi = {10.1007/11877028_2},
  isbn = {978-3-540-45778-7},
  keywords = {Model Driven Engineering; MDE; MDA; Metamodeling; Technical Spaces},
  language = {English},
  url = {http://dx.doi.org/10.1007/11877028_2}
}

@ARTICLE{Calvanese2007,
  author = {Calvanese, Diego and Giacomo, Giuseppe and Lembo, Domenico and Lenzerini,
	Maurizio and Rosati, Riccardo},
  title = {{Tractable Reasoning and Efficient Query Answering in Description
	Logics: The DL-Lite Family}},
  journal = {{Journal of Automated Reasoning}},
  year = {2007},
  volume = {39},
  pages = {385--429},
  number = {3},
  month = oct,
  acmid = {1286097},
  address = {Secaucus, NJ, USA},
  doi = {10.1007/s10817-007-9078-x},
  issn = {0168-7433},
  issue_date = {October 2007},
  keywords = {DL-Lite, Description logics, Ontology languages, Query answering},
  numpages = {45},
  publisher = {Springer-Verlag New York, Inc.},
  url = {http://dx.doi.org/10.1007/s10817-007-9078-x}
}

@ARTICLE{Channin-2010,
  author = {Channin, D. S. and Mongkolwat, P. and Kleper, V. and Sepukar, K.
	and Rubin, D. L.},
  title = {{The caBIG Annotation and Image Markup Project}},
  journal = {{Journal of Digital Imaging: the Official Journal of the Society
	for Computer Applications in Radiology}},
  year = {2010},
  volume = {23},
  pages = {217-225},
  number = {2}
}

@TECHREPORT{ISO-IEC-RELAXNG-2008,
  author = {Clark, J. and Cowan, J. and Fitzgerald, M. and Kawaguchi, J. and
	Lubell, J. and Murata, M. and Walsh, N. and Webber, D.},
  title = {{ISO/IEC 19757-2:2008 - Information technology -- Document Schema
	Definition Language (DSDL) -- Part 2: Regular-grammar-based validation
	-- RELAX NG}},
  institution = {International Organization for Standardization (ISO)},
  year = {2008},
  type = {{ISO Standard}}
}

@TECHREPORT{DCMI-DCAP-2009,
  author = {Coyle, Karen and Baker, Thomas},
  title = {{Guidelines for Dublin Core Application Profiles}},
  institution = {Dublin Core Metadata Initiative (DCMI)},
  year = {2009},
  type = {{DCMI Recommended Resource}},
  month = {May},
  note = {\url{http://dublincore.org/documents/2009/05/18/profile-guidelines/}},
  url = {http://dublincore.org/documents/2009/05/18/profile-guidelines/}
}

@INPROCEEDINGS{Cyganiak2010,
  author = {Cyganiak, Richard and Field, Simon and Gregory, Arofan and Halb,
	Wolfgang and Tennison, Jeni},
  title = {{Semantic Statistics: Bringing Together SDMX and SCOVO}},
  booktitle = {{Proceedings of the International World Wide Web Conference (WWW
	2010), Workshop on Linked Data on the Web}},
  year = {2010},
  editor = {Bizer, Christian and Heath, Tom and Berners-Lee, Tim and Hausenblas,
	Michael},
  volume = {628},
  series = {CEUR Workshop Proceedings},
  added-at = {2011-09-20T00:00:00.000+0200},
  biburl = {http://www.bibsonomy.org/bibtex/2033ffff6bf7dc4d27bc3f77d8e0904df/dblp},
  ee = {http://ceur-ws.org/Vol-628/ldow2010_paper03.pdf},
  interhash = {f6a7a12032f436b21d14ea5af9bc4761},
  intrahash = {033ffff6bf7dc4d27bc3f77d8e0904df},
  timestamp = {2011-09-20T00:00:00.000+0200},
  url = {http://ceur-ws.org/Vol-628/ldow2010_paper03.pdf}
}

@TECHREPORT{CyganiakReynolds2014,
  author = {Cyganiak,Richard and Reynolds,Dave},
  title = {{The RDF Data Cube Vocabulary}},
  institution = {W3C},
  year = {2014},
  type = {{W3C Recommendation}},
  month = {January},
  note = {http://www.w3.org/TR/vocab-data-cube/},
  groups = {public},
  url = {http://www.w3.org/TR/vocab-data-cube/}
}

@TECHREPORT{RDF-2014,
  author = {Cyganiak, Richard and Wood, David and Lanthaler, Markus},
  title = {{RDF 1.1 Concepts and Abstract Syntax}},
  institution = {W3C},
  year = {2014},
  type = {{W3C Recommendation}},
  month = {February},
  note = {http://www.w3.org/TR/2014/REC-rdf11-concepts-20140225/},
  url = {http://www.w3.org/TR/2014/REC-rdf11-concepts-20140225/}
}

@TECHREPORT{DDIAlliance-DDI-L-MD-2015,
  author = {{DDI Alliance}},
  title = {{DDI-Lifecycle MD (Model-Driven)}},
  institution = {{DDI Alliance}},
  year = {2015},
  type = {{DDI Alliance Development Draft}},
  month = {March},
  note = {\url{http://www.ddialliance.org/ddi-moving-forward-process-summary}},
  url = {\url{http://www.ddialliance.org/ddi-moving-forward-process-summary}}
}

@TECHREPORT{DDIAlliance-DDI-L-2014,
  author = {{DDI Alliance}},
  title = {{Data Documentation Initiative (DDI) Lifecycle 3.2}},
  institution = {{DDI Alliance}},
  year = {2014},
  type = {{DDI Alliance Specification}},
  month = {March},
  note = {\url{http://www.ddialliance.org/Specification/DDI-Lifecycle/3.2/}},
  url = {\url{http://www.ddialliance.org/Specification/DDI-Lifecycle/3.2/}}
}

@TECHREPORT{DDIAlliance-DDI-C-2013,
  author = {{DDI Alliance}},
  title = {{Data Documentation Initiative (DDI) Codebook 2.5.1}},
  institution = {{DDI Alliance}},
  year = {2013},
  type = {{DDI Alliance Specification}},
  month = {December},
  note = {\url{http://www.ddialliance.org/Specification/DDI-Codebook/2.5/}},
  url = {\url{http://www.ddialliance.org/Specification/DDI-Codebook/2.5/}}
}

@ARTICLE{Decker-2000,
  author = {Decker, S. and Melnik, S. and van Harmelen, F. and Fensel, D. and
	Klein, M. and Broekstra, J. and Erdmann, M. and Horrocks, I.},
  title = {{The Semantic Web: the Roles of XML and RDF}},
  journal = {{Internet Computing, IEEE}},
  year = {2000},
  volume = {4},
  pages = {63-73},
  number = {5},
  month = {Sep},
  doi = {10.1109/4236.877487},
  issn = {1089-7801},
  keywords = {Internet;data models;distributed programming;hypermedia markup languages;knowledge
	representation;Ontology Interchange Language;RDF;RDF/RDF schema;Resource
	Description Framework;Semantic Web;XML;data model;document structure;inference
	layer;ontology representation languages;ontology representation techniques;semantic
	interoperability;Animals;Computer networks;IP networks;Mechanical
	factors;Ontologies;Petroleum;Resource description framework;Search
	engines;Semantic Web;XML}
}

@INCOLLECTION{Dell'Erba-2003,
  author = {Dell'Erba, Mirella and Fodor, Oliver and Ricci, Francesco and Werthner,
	Hannes},
  title = {{Harmonise: A Solution for Data Interoperability}},
  booktitle = {{Towards the Knowledge Society}},
  publisher = {Springer US},
  year = {2003},
  editor = {Monteiro, JoÃ£oL. and Swatman, PaulaM.C. and Tavares, LuisValadares},
  volume = {105},
  series = {IFIP - The International Federation for Information Processing},
  pages = {433-445},
  doi = {10.1007/978-0-387-35617-4_28},
  isbn = {978-1-4757-6861-9},
  keywords = {Ontology based mediation; interoperability; tourism domain},
  language = {English},
  url = {http://dx.doi.org/10.1007/978-0-387-35617-4_28}
}

@TECHREPORT{DroegeBoschCharlesClayphanMatienzoRuehlePohlAlonenSvenssonCoyle2014,
  author = {Dröge, Evelyn and Bosch, Thomas and Charles, Valentine and Clayphan
	, Robina and Matienzo , Mark and Rühle , Stefanie and Pohl, Adrian
	and Alonen , Miika and Svensson, Lars and Coyle, Karen},
  title = {{Report on the Current State: Use Cases and Validation Requirements}},
  institution = {{Dublin Core Metadata Initiative (DCMI)}},
  year = {2014},
  type = {{DCMI Deliverable}},
  month = oct,
  owner = {Thomas Bosch},
  timestamp = {2014.11.08}
}

@TECHREPORT{DC-2012,
  author = {{Dublin Core Metadata Initiative (DCMI)}},
  title = {{Dublin Core Metadata Element Set, Version 1.1}},
  institution = {{Dublin Core Metadata Initiative (DCMI)}},
  year = {2012},
  type = {{DCMI Specification}},
  month = {June},
  note = {http://dublincore.org/documents/2012/06/14/dces/},
  url = {http://dublincore.org/documents/2012/06/14/dces/}
}

@TECHREPORT{DCMI-2012,
  author = {{Dublin Core Metadata Initiative (DCMI)}},
  title = {{DCMI Metadata Terms}},
  institution = {{Dublin Core Metadata Initiative (DCMI)}},
  year = {2012},
  type = {{DCMI Specification}},
  month = {June},
  note = {http://dublincore.org/documents/2012/06/14/dcmi-terms/},
  url = {http://dublincore.org/documents/2012/06/14/dcmi-terms/}
}

@TECHREPORT{XMLSchemaPart0-2004,
  author = {Fallside, C, David and Walmsley, Priscilla},
  title = {{XML Schema Part 0: Primer Second Edition}},
  institution = {W3C},
  year = {2004},
  type = {{W3C Recommendation}},
  month = {10},
  note = {http://www.w3.org/TR/2004/REC-xmlschema-0-20041028/},
  url = {http://www.w3.org/TR/2004/REC-xmlschema-0-20041028/}
}

@INCOLLECTION{Ferdinand-2004,
  author = {Ferdinand, Matthias and Zirpins, Christian and Trastour, David},
  title = {{Lifting XML Schema to OWL}},
  booktitle = {{Web Engineering}},
  publisher = {Springer Berlin Heidelberg},
  year = {2004},
  editor = {Koch, Nora and Fraternali, Piero and Wirsing, Martin},
  volume = {3140},
  series = {{Lecture Notes in Computer Science}},
  pages = {354-358},
  doi = {10.1007/978-3-540-27834-4_44},
  isbn = {978-3-540-22511-9},
  language = {English},
  url = {http://dx.doi.org/10.1007/978-3-540-27834-4_44}
}

@BOOK{Frankel-2003,
  title = {{Model Driven Architecture: Applying MDA to Enterprise Computing}},
  publisher = {{John Wiley \& Sons, Inc.}},
  year = {2003},
  author = {Frankel, David S.},
  address = {New York, NY, USA},
  isbn = {0471319201}
}

@INCOLLECTION{Fuerber2010,
  author = {Fürber, Christian and Hepp, Martin},
  title = {{Using SPARQL and SPIN for Data Quality Management on the Semantic
	Web}},
  booktitle = {{Business Information Systems}},
  publisher = {{Springer Berlin Heidelberg}},
  year = {2010},
  editor = {Abramowicz, Witold and Tolksdorf, Robert},
  volume = {47},
  series = {{Lecture Notes in Business Information Processing}},
  pages = {35--46},
  doi = {10.1007/978-3-642-12814-1_4},
  isbn = {978-3-642-12813-4},
  keywords = {Semantic Web; Linked Data; Data Quality Management; SPARQL; SPIN;
	RDF; Ontologies; Ontology-Based Data Quality Management},
  owner = {Thomas},
  timestamp = {2014.05.04},
  url = {http://dx.doi.org/10.1007/978-3-642-12814-1_4}
}

@TECHREPORT{W3C-RDF-XML-2014,
  author = {Gandon, Fabien and Schreiber, Guus},
  title = {{RDF 1.1 XML Syntax}},
  institution = {W3C},
  year = {2014},
  type = {{W3C Recommendation}},
  month = {February},
  note = {http://www.w3.org/TR/2014/REC-rdf-syntax-grammar-20140225/},
  owner = {Thomas},
  timestamp = {2014.05.03},
  utl = {http://www.w3.org/TR/2014/REC-rdf-syntax-grammar-20140225/}
}

@INPROCEEDINGS{Garcia-2006,
  author = {García, Roberto and Perdrix, Ferran and Gil, Rosa},
  title = {{Ontological Infrastructure for a Semantic Newspaper}},
  booktitle = {{15th International World Wide Web Conference (WWW), International
	Workshop on Semantic Web Annotations for Multimedia (SWAMM)}},
  year = {2006}
}

@TECHREPORT{Godby-2015,
  author = {{Godby, Carol Jean and Denenberg, Ray}},
  title = {{Common Ground: Exploring Compatibilities Between the Linked Data
	Models of the Library of Congress and OCLC}},
  institution = {Library of Congress},
  year = {2015},
  month = {January},
  note = {\url{http://www.oclc.org/research/publications/2015/oclcresearch-loc-linked-data-2015.html}},
  url = {http://www.oclc.org/research/publications/2015/oclcresearch-loc-linked-data-2015.html}
}

@TECHREPORT{Java2015,
  author = {Gosling, James and Joy, Bill and Steele, Guy and Bracha, Gilad and
	Buckley, Alex},
  title = {{The Java Language Specification - Java SE 8 Edition}},
  institution = {Oracle},
  year = {2015},
  type = {{Oracle Specification}},
  month = {February},
  note = {https://docs.oracle.com/javase/specs/jls/se8/html/index.html},
  url = {https://docs.oracle.com/javase/specs/jls/se8/html/index.html}
}

@ARTICLE{Gomez-Perez2001,
  author = {Gómez-Pérez, Asunción},
  title = {{Evaluation of Ontologies}},
  journal = {{International Journal of Intelligent Systems}},
  year = {2001},
  volume = {16},
  pages = {391--409},
  number = {3},
  abstract = {The evaluation of ontologies is an emerging field. At present, there
	is an absence of a deep core of preliminary ideas and guidelines
	for evaluating ontologies. This paper presents a brief summary of
	previous work done on evaluating ontologies and the criteria (consistency,
	completeness, conciseness, expandability, and sensitiveness) used
	to evaluate and to assess ontologies. It also addresses the possible
	types of errors made when domain knowledge is structured in taxonomies
	in an ontology and in knowledge bases: circularity errors, exhaustive
	and nonexhaustive class partition errors, redundancy errors, grammatical
	errors, semantic errors, and incompleteness errors. It also describes
	the process followed to evaluate the standard-units ontology already
	published at the Ontology Server. © 2001 John Wiley & Sons, Inc.},
  doi = {10.1002/1098-111X(200103)16:3<391::AID-INT1014>3.0.CO;2-2},
  issn = {1098-111X},
  publisher = {John Wiley \& Sons, Inc.},
  url = {http://dx.doi.org/10.1002/1098-111X(200103)16:3<391::AID-INT1014>3.0.CO;2-2}
}

@INCOLLECTION{haarslev2001racer,
  author = {Haarslev, Volker and Müller, Ralf},
  title = {{RACER System Description}},
  booktitle = {{Automated Reasoning}},
  publisher = {Springer},
  year = {2001},
  pages = {701--705}
}

@TECHREPORT{W3C-SPARQL1.1-Query-Language-2013,
  author = {Harris, Steve and Seaborne, Andy},
  title = {{SPARQL 1.1 Query Language}},
  institution = {W3C},
  year = {2013},
  type = {{W3C Recommendation}},
  month = {March},
  note = {\url{http://www.w3.org/TR/2013/REC-sparql11-query-20130321/}},
  owner = {Thomas},
  timestamp = {2014.05.03},
  url = {http://www.w3.org/TR/2013/REC-sparql11-query-20130321/}
}

@TECHREPORT{W3C-RDF1.1-Semantics-2014,
  author = {Hayes, Patrick J. and Patel-Schneider, Peter F.},
  title = {{RDF 1.1 Semantics}},
  institution = {W3C},
  year = {2014},
  type = {{W3C Recommendation}},
  month = {February},
  note = {\url{http://www.w3.org/TR/2014/REC-rdf11-mt-20140225/}},
  url = {\url{http://www.w3.org/TR/2014/REC-rdf11-mt-20140225/}}
}

@INPROCEEDINGS{Hillmann2007,
  author = {Hillmann, Diane I. and Phipps, Jon},
  title = {{Application Profiles: Exposing and Enforcing Metadata Quality}},
  booktitle = {{Proceedings of the 2007 International Conference on Dublin Core
	and Metadata Applications}},
  year = {2007},
  series = {DCMI '07},
  pages = {53--62},
  publisher = {{Dublin Core Metadata Initiative}},
  acmid = {1344601},
  isbn = {9789810587963, 9810587961},
  keywords = {machine-readable application profiles, metadata quality, metadata
	validation},
  location = {Singapore},
  numpages = {10},
  owner = {Thomas},
  timestamp = {2014.05.04},
  url = {http://dl.acm.org/citation.cfm?id=1344591.1344601}
}

@TECHREPORT{W3C-OWL2-Primer-2012,
  author = {Hitzler, Pascal and Krötzsch, Markus and Parsia, Bijan and Patel-Schneider,
	Peter F. and Rudolph, Sebastian},
  title = {{OWL 2 Web Ontology Language Primer (Second Edition)}},
  institution = {W3C},
  year = {2012},
  type = {{W3C Recommendation}},
  month = {December},
  note = {http://www.w3.org/TR/2012/REC-owl2-primer-20121211/},
  url = {http://www.w3.org/TR/2012/REC-owl2-primer-20121211/}
}

@TECHREPORT{W3C-OWL2-Manchester-Syntax-2012,
  author = {Horridge, Matthew and Patel-Schneider, Peter F.},
  title = {{OWL 2 Web Ontology Language Manchester Syntax (Second Edition)}},
  institution = {W3C},
  year = {2012},
  type = {{W3C Working Group Note}},
  month = {December},
  note = {http://www.w3.org/TR/2012/NOTE-owl2-manchester-syntax-20121211/},
  owner = {Thomas},
  timestamp = {2014.05.03},
  utl = {http://www.w3.org/TR/2012/NOTE-owl2-manchester-syntax-20121211/}
}

@INPROCEEDINGS{horrocks2012hermit,
  author = {Horrocks, Ian and Motik, Boris and Wang, Zhe},
  title = {{The HermiT OWL Reasoner}},
  booktitle = {{Proceedings of the 1st International Workshop on OWL Reasoner Evaluation
	(ORE 2012)}},
  year = {2012},
  address = {{Manchester, UK}}
}

@TECHREPORT{Horrocks04,
  author = {Horrocks, Ian and Patel-Schneider, Peter F. and Boley, Harold and
	Tabet, Said and Grosof, Benjamin and Dean, Mike},
  title = {{SWRL: A Semantic Web Rule Language Combining OWL and RuleML}},
  institution = {W3C},
  year = {2004},
  type = {{W3C Member Submission}},
  note = {http://www.w3.org/Submission/SWRL},
  added-at = {2007-11-11T03:34:38.000+0100},
  biburl = {http://www.bibsonomy.org/bibtex/22d8131417d62c9d8744532fe92c439f4/aljsanchez},
  howpublished = {W3C Member Submission},
  interhash = {c87a1f9b5260aab22991c1f5fbf080e4},
  intrahash = {2d8131417d62c9d8744532fe92c439f4},
  keywords = {description logic rule semantic},
  timestamp = {2007-11-11T03:34:38.000+0100},
  url = {http://www.w3.org/Submission/SWRL}
}

@TECHREPORT{ISO/IEC-2006,
  author = {{International Organization for Standardization (ISO) and International
	Electrotechnical Commission (IEC)}},
  title = {{ISO/IEC 19757-3:2006 - Information Technology — Document Schema
	Definition Languages (DSDL) - Part 3: Rule-Based Validation - Schematron}},
  institution = {International Organization for Standardization (ISO) and International
	Electrotechnical Commission (IEC)},
  year = {2006},
  type = {{International Organization for Standardization (ISO) and International
	Electrotechnical Commission (IEC) Specification}},
  month = {June},
  note = {\url{http://standards.iso.org/ittf/PubliclyAvailableStandards/c040833_ISO_IEC_19757-3_2006(E).zip}},
  url = {http://standards.iso.org/ittf/PubliclyAvailableStandards/c040833_ISO_IEC_19757-3_2006(E).zip}
}

@INPROCEEDINGS{Jain-2010,
  author = {Jain, Prateek and Hitzler, Pascal and Yeh, Peter Z. and Verma, Kunal
	and Sheth, Amit P.},
  title = {{Linked Data Is Merely More Data}},
  booktitle = {{AAAI Spring Symposium: Linked Data Meets Artificial Intelligence}},
  year = {2010},
  month = {March},
  publisher = {AAAI}
}

@TECHREPORT{XSLT2007,
  author = {Kay, Michael},
  title = {{XSL Transformations (XSLT) Version 2.0}},
  institution = {W3C},
  year = {2007},
  type = {{W3C} Recommendation},
  month = {January},
  note = {http://www.w3.org/TR/2007/REC-xslt20-20070123/},
  url = {http://www.w3.org/TR/2007/REC-xslt20-20070123/}
}

@INCOLLECTION{Kifer-2005,
  author = {Kifer, Michael},
  title = {{Rules and Ontologies in F-Logic}},
  booktitle = {{Reasoning Web}},
  publisher = {Springer Berlin Heidelberg},
  year = {2005},
  editor = {Eisinger, Norbert and Ma{\l}uszyński, Jan},
  volume = {3564},
  series = {Lecture Notes in Computer Science},
  pages = {22-34},
  doi = {10.1007/11526988_2},
  isbn = {978-3-540-27828-3},
  language = {English},
  url = {http://dx.doi.org/10.1007/11526988_2}
}

@ARTICLE{Kifer-1995,
  author = {Kifer, Michael and Lausen, Georg and Wu, James},
  title = {{Logical Foundations of Object-Oriented and Frame-Based Languages}},
  journal = {{Journal of the ACM}},
  year = {1995},
  volume = {42},
  pages = {741--843},
  number = {4},
  month = jul,
  acmid = {210335},
  address = {New York, NY, USA},
  doi = {10.1145/210332.210335},
  issn = {0004-5411},
  issue_date = {July 1995},
  keywords = {deductive databases, frame-based languages, logic programming, nonmonotonic
	inheritance, object-oriented programming, proof theory, semantics,
	typing},
  numpages = {103},
  publisher = {ACM},
  url = {http://doi.acm.org/10.1145/210332.210335}
}

@INPROCEEDINGS{Klarlund-2000,
  author = {Klarlund, Nils and M{\o}ller, Anders and Schwartzbach, Michael I.},
  title = {{DSD: A Schema Language for XML}},
  booktitle = {{Proceedings of the 3rd Workshop on Formal Methods in Software Practice}},
  year = {2000},
  pages = {101--111},
  address = {New York, NY, USA},
  publisher = {ACM},
  acmid = {351158},
  doi = {10.1145/349360.351158},
  isbn = {1-58113-262-X},
  location = {Portland, Oregon, USA},
  numpages = {11},
  url = {http://doi.acm.org/10.1145/349360.351158}
}

@INPROCEEDINGS{Klein-2002,
  author = {Klein, M.},
  title = {{Interpreting XML Documents via an RDF Schema Ontology}},
  booktitle = {{Proceedings of the 13th International Workshop on Database and Expert
	Systems Applications}},
  year = {2002},
  pages = {889--893},
  publisher = {IEEE}
}

@INCOLLECTION{Klein-2003,
  author = {Klein, M. and Broekstra, D. and Fensel, F. and van Harmelen, Frank
	and Horrocks, I.},
  title = {{Ontologies and Schema Languages on the Web}},
  booktitle = {{Spinning the Semantic Web - Bringing the World Wide Web to its Full
	Potential}},
  publisher = {The MIT Press, Cambridge, Massachusetts},
  year = {2003},
  editor = {Fensel, Dieter and Hendler, James A. and Lieberman, Henry and Wahlster,
	Wolfgang},
  volume = {4275},
  series = {Lecture Notes in Computer Science},
  pages = {901-908},
  doi = {10.1007/11914853_56},
  isbn = {978-3-540-48287-1},
  language = {English},
  url = {http://dx.doi.org/10.1007/11914853_56}
}

@TECHREPORT{W3C-SHACL-2015,
  author = {Knublauch, Holger},
  title = {{Shapes Constraint Language (SHACL)}},
  institution = {W3C},
  year = {2015},
  type = {{W3C Editor's Draft}},
  month = {July},
  note = {http://w3c.github.io/data-shapes/shacl/},
  utl = {http://w3c.github.io/data-shapes/shacl/}
}

@TECHREPORT{W3C-SPIN-2011,
  author = {Knublauch, Holger and Hendler, James A. and Idehen, Kingsley},
  title = {{SPIN - Overview and Motivation}},
  institution = {W3C},
  year = {2011},
  type = {{W3C Member Submission}},
  month = {February},
  note = {\url{http://www.w3.org/Submission/2011/SUBM-spin-overview-20110222/}},
  utl = {\url{http://www.w3.org/Submission/2011/SUBM-spin-overview-20110222/}}
}

@INPROCEEDINGS{Kobeissy-2007,
  author = {Kobeissy, Nassim and Zeghlache, Djamal and Genet, Marc Girod},
  title = {{Mapping XML to OWL for Seamless Information Retrieval in Context-Aware
	Environments}},
  booktitle = {{International Conference on Pervasive Services}},
  year = {2007},
  pages = {361--366},
  address = {{Istanbul, Turkey}},
  month = {July},
  publisher = {IEEE}
}

@INPROCEEDINGS{kontchakov2011combined,
  author = {Kontchakov, Rinnan and Lutz, Carsten and Toman, David and Wolter,
	Frank and Zakharyaschev, Michael},
  title = {{The Combined Approach to Ontology-Based Data Access}},
  booktitle = {{Proceedings of the 22th International Joint Conference on Artificial
	Intelligence}},
  year = {2011},
  volume = {3},
  pages = {2656--2661},
  publisher = {AAAI Press}
}

@INPROCEEDINGS{Kontokostas2014,
  author = {Kontokostas, Dimitris and Westphal, Patrick and Auer, S\"{o}ren and
	Hellmann, Sebastian and Lehmann, Jens and Cornelissen, Roland and
	Zaveri, Amrapali},
  title = {{Test-driven Evaluation of Linked Data Quality}},
  booktitle = {{Proceedings of the 23rd International World Wide Web Conference
	(WWW 2014)}},
  year = {2014},
  series = {WWW '14},
  pages = {747--758},
  address = {{Republic and Canton of Geneva, Switzerland}},
  publisher = {International World Wide Web Conferences Steering Committee},
  acmid = {2568002},
  doi = {10.1145/2566486.2568002},
  isbn = {978-1-4503-2744-2},
  keywords = {data quality, dbpedia, linked data},
  location = {Seoul, Korea},
  numpages = {12},
  owner = {Thomas},
  timestamp = {2014.05.01},
  url = {http://dx.doi.org/10.1145/2566486.2568002}
}

@ARTICLE{Kroeger-2013,
  author = {Kroeger, Angela},
  title = {{The Road to BIBFRAME: The Evolution of the Idea of Bibliographic
	Transition into a Post-MARC Future}},
  journal = {{Cataloging \& Classification Quarterly}},
  year = {2013},
  volume = {51},
  pages = {873-890},
  number = {8},
  doi = {10.1080/01639374.2013.823584},
  eprint = { http://dx.doi.org/10.1080/01639374.2013.823584 },
  url = { http://dx.doi.org/10.1080/01639374.2013.823584 
}
}

@INCOLLECTION{Kroetzsch2012,
  author = {Markus Kr{\"{o}}tzsch and Franti{\v{s}}ek Siman{\v{c}}{\'{\i}}k and
	Ian Horrocks},
  title = {{A Description Logic Primer}},
  booktitle = {{Perspectives on Ontology Learning}},
  publisher = {{IOS Press}},
  year = {2012},
  editor = {Lehmann, Jens and V{\"{o}}lker, Johanna}
}

@INPROCEEDINGS{Kupfer2007,
  author = {Kupfer, Andreas and Eckstein, Silke and Störmann, Britta and Neumann,
	Karl and Mathiak, Brigitte},
  title = {{Methods for a Synchronised Evolution of Databases and Associated
	Ontologies}},
  booktitle = {{Proceedings of the 2007 Conference on Databases and Information
	Systems IV}},
  year = {2007}
}

@TECHREPORT{DCMI-Bibframe-Authorities-2014,
  author = {{Library of Congress}},
  title = {{BIBFRAME Authorities}},
  institution = {Library of Congress},
  year = {2014},
  type = {{Library of Congress Draft Specification}},
  month = {April},
  note = {\url{http://www.loc.gov/bibframe/docs/bibframe-authorities.html}},
  url = {http://www.loc.gov/bibframe/docs/bibframe-authorities.html}
}

@TECHREPORT{DCMI-Bibframe-Profiles-2014,
  author = {{Library of Congress}},
  title = {{BIBFRAME Profiles: Introduction and Specification}},
  institution = {Library of Congress},
  year = {2014},
  type = {{Library of Congress Draft}},
  month = {May},
  note = {\url{http://www.loc.gov/bibframe/docs/bibframe-profiles.html}},
  url = {http://www.loc.gov/bibframe/docs/bibframe-profiles.html}
}

@TECHREPORT{DCMI-Bibframe-Relationships-2014,
  author = {{Library of Congress}},
  title = {{BIBFRAME Relationships}},
  institution = {Library of Congress},
  year = {2014},
  type = {{Library of Congress Draft Specification}},
  month = {April},
  note = {\url{http://www.loc.gov/bibframe/docs/bibframe-relationships.html}},
  url = {http://www.loc.gov/bibframe/docs/bibframe-relationships.html}
}

@INPROCEEDINGS{Lohmann2008,
  author = {Lohmann, Steffen and Heim, Philipp and Auer, Sören and Dietzold,
	Sebastian and Riechert, Thomas},
  title = {{Semantifying Requirements Engineering - The SoftWiki Approach}},
  booktitle = {{Proceedings of the 4th International Conference on Semantic Technologies
	(I-SEMANTICS 2008)}},
  year = {2008},
  series = {J.UCS},
  pages = {182--185},
  added-at = {2014-04-29T14:50:48.000+0200},
  biburl = {http://www.bibsonomy.org/bibtex/254f7066c943f1075d53cb05e0db2b094/aksw},
  interhash = {d8055264f36372731c5bcf1219dae7c8},
  intrahash = {54f7066c943f1075d53cb05e0db2b094},
  keywords = {2007 auer event_i-semantics group_aksw ontowiki riechert seebiproject_OntoWiki
	seebiproject_SoftWiki softwiki tramp},
  owner = {seebi},
  timestamp = {2014-04-29T14:50:48.000+0200}
}

@ARTICLE{Lutz2005,
  author = {Lutz, Carsten and Areces, Carlos and Horrocks, Ian and Sattler, Ulrike},
  title = {{Keys, Nominals, and Concrete Domains}},
  journal = {{Journal of Artificial Intelligence Research}},
  year = {2005},
  volume = {23},
  pages = {667--726},
  number = {1},
  month = jun,
  acmid = {1622518},
  address = {USA},
  issn = {1076-9757},
  issue_date = {January 2005},
  numpages = {60},
  publisher = {AI Access Foundation},
  url = {http://dl.acm.org/citation.cfm?id=1622503.1622518}
}

@INPROCEEDINGS{MaderHaslhoferIsaac2012,
  author = {Mader, Christian and Haslhofer, Bernhard and Isaac, Antoine},
  title = {{Finding Quality Issues in SKOS Vocabularies}},
  booktitle = {{Proceedings of the Second International Conference on Theory and
	Practice of Digital Libraries}},
  year = {2012},
  series = {TPDL'12},
  pages = {222--233},
  address = {Berlin, Heidelberg},
  publisher = {Springer-Verlag},
  acmid = {2403864},
  doi = {10.1007/978-3-642-33290-6_25},
  isbn = {978-3-642-33289-0},
  location = {Paphos, Cyprus},
  numpages = {12},
  url = {http://dx.doi.org/10.1007/978-3-642-33290-6_25}
}

@BOOK{Mellor-2004,
  title = {{MDA Distilled}},
  publisher = {{Addison Wesley Longman Publishing Co., Inc.}},
  year = {2004},
  author = {Mellor, Stephen J. and Kendall, Scott and Uhl, Axel and Weise, Dirk},
  address = {Redwood City, CA, USA},
  isbn = {0201788918}
}

@TECHREPORT{Melnik-1999,
  author = {Melnik, Sergey},
  title = {{Bridging the Gap between RDF and XML}},
  year = {1999},
  note = {\url{http://infolab.stanford.edu/~melnik/rdf/fusion.html}},
  url = {\url{http://infolab.stanford.edu/~melnik/rdf/fusion.html}}
}

@TECHREPORT{W3C-SKOS-2009,
  author = {Miles, Alistair and Bechhofer, Sean},
  title = {{SKOS Simple Knowledge Organization System Reference}},
  institution = {W3C},
  year = {2009},
  type = {{W3C Recommendation}},
  month = {August},
  note = {\url{http://www.w3.org/TR/2009/REC-skos-reference-20090818/}},
  url = {\url{http://www.w3.org/TR/2009/REC-skos-reference-20090818/}}
}

@TECHREPORT{Miller-2012,
  author = {{Miller, Eric and Ogbuji, Uche and Mueller, Victoria and MacDougall,
	Kathy}},
  title = {{Bibliographic Framework as a Web of Data: Linked Data Model and
	Supporting Services}},
  institution = {Library of Congress},
  year = {2012},
  address = {Washington, DC, USA},
  month = {November},
  note = {\url{http://www.loc.gov/bibframe/pdf/marcld-report-11-21-2012.pdf}},
  url = {http://www.loc.gov/bibframe/pdf/marcld-report-11-21-2012.pdf}
}

@TECHREPORT{Miller-2001,
  author = {Miller, Libby},
  title = {{RDF Squish Query Language and Java Implementation}},
  year = {2001},
  type = {{Draft}},
  month = {February},
  note = {\url{http://ilrt.org/discovery/2001/02/squish/}},
  url = {http://ilrt.org/discovery/2001/02/squish/}
}

@TECHREPORT{Minsky-1974,
  author = {Minsky, Marvin},
  title = {{A Framework for Representing Knowledge}},
  year = {1974},
  address = {Cambridge, MA, USA},
  publisher = {Massachusetts Institute of Technology},
  source = {http://www.ncstrl.org:8900/ncstrl/servlet/search?formname=detail\&id=oai%3Ancstrlh%3Amitai%3AMIT-AILab%2F%2FAIM-306}
}

@TECHREPORT{owl2profiles2008,
  author = {Motik, Boris and Grau, Bernardo Cuenca and Horrocks, Ian and Wu,
	Zhe and Fokoue, Achille and Lutz, Carsten},
  title = {{OWL 2 Web Ontology Language: Profiles}},
  institution = {{W3C}},
  year = {2012},
  type = {{{W3C} Recommendation}},
  month = {December},
  note = {http://www.w3.org/TR/2012/REC-owl2-profiles-20121211/},
  abstract = {OWL 2 extends the W3C OWL Web Ontology Language with a small but useful
	set of features that have been requested by users, for which effective
	reasoning algorithms are now available, and that OWL tool developers
	are willing to support. The new features include extra syntactic
	sugar, additional property and qualified cardinality constructors,
	extended datatype support, simple metamodeling, and extended annotations.
	This document provides a specification of several profiles of OWL
	2 which can be more simply and/or efficiently implemented. In logic,
	profiles are often called fragments. Most profiles are defined by
	placing restrictions on the structure of OWL 2 ontologies. These
	restrictions have been specified by modifying the productions of
	the functional-style syntax.},
  added-at = {2009-01-14T00:43:43.000+0100},
  biburl = {http://www.bibsonomy.org/bibtex/20296629a9f4e65792ee1b750cde89938/dret},
  description = {dret'd bibliography},
  howpublished = {World Wide Web Consortium, Working Draft WD-owl2-profiles-20081202},
  interhash = {41cfb4af124877b8d3db6a9782e9b67c},
  intrahash = {0296629a9f4e65792ee1b750cde89938},
  keywords = {imported},
  owner = {Thomas Bosch},
  timestamp = {2009-01-14T00:43:43.000+0100},
  topic = {owl[0.9]},
  uri = {http://www.w3.org/TR/2012/REC-owl2-profiles-20121211/}
}

@TECHREPORT{W3C-OWL2-XML-2012,
  author = {Motik, Boris and Parsia, Bijan and Patel-Schneider, Peter F.},
  title = {{OWL 2 Web Ontology Language XML Serialization (Second Edition)}},
  institution = {W3C},
  year = {2012},
  type = {{W3C Recommendation}},
  month = {December},
  note = {http://www.w3.org/TR/2012/REC-owl2-xml-serialization-20121211/},
  owner = {Thomas},
  timestamp = {2014.05.03},
  utl = {http://www.w3.org/TR/2012/REC-owl2-xml-serialization-20121211/}
}

@ARTICLE{Murata-2005,
  author = {Murata, Makoto and Lee, Dongwon and Mani, Murali and Kawaguchi, Kohsuke},
  title = {{Taxonomy of XML Schema Languages Using Formal Language Theory}},
  journal = {{ACM Transactions on Internet Technology}},
  year = {2005},
  volume = {5},
  pages = {660--704},
  number = {4},
  month = nov,
  acmid = {1111631},
  address = {New York, NY, USA},
  doi = {10.1145/1111627.1111631},
  issn = {1533-5399},
  keywords = {XML, interpretation, schema, tree automaton, validation},
  numpages = {45},
  publisher = {ACM},
  url = {http://doi.acm.org/10.1145/1111627.1111631}
}

@INPROCEEDINGS{Munoz-Garcia2008,
  author = {{\'O}scar Mu{\~n}oz-Garc\'{\i}a and Raul Garc\'{\i}a-Castro and Asunci{\'o}n
	G{\'o}mez-P{\'e}rez},
  title = {{Facilitating Requirements Engineering of Semantic Applications}},
  booktitle = {{Proceedings of the 5th Workshop on Semantic Web Applications and
	Perspectives (SWAP 2008)}},
  year = {2008},
  address = {{Rome, Italy}},
  month = {{December}},
  bibsource = {DBLP, http://dblp.uni-trier.de},
  ee = {http://ceur-ws.org/Vol-426/swap2008_submission_47.pdf}
}

@TECHREPORT{DCMI-DSP-2008,
  author = {Nilsson, Mikael},
  title = {{Description Set Profiles: A Constraint Language for Dublin Core
	Application Profiles}},
  institution = {Dublin Core Metadata Initiative (DCMI)},
  year = {2008},
  type = {{DCMI Working Draft}},
  month = {March},
  note = {\url{http://dublincore.org/documents/2008/03/31/dc-dsp/}},
  url = {http://dublincore.org/documents/2008/03/31/dc-dsp/}
}

@TECHREPORT{DCMI-Singapore-2008,
  author = {Nilsson, Mikael and Baker, Thomas and Johnston, Pete},
  title = {{The Singapore Framework for Dublin Core Application Profiles}},
  institution = {Dublin Core Metadata Initiative (DCMI)},
  year = {2008},
  type = {{DCMI Recommended Resource}},
  month = {January},
  note = {\url{http://dublincore.org/documents/2008/01/14/singapore-framework/}},
  url = {http://dublincore.org/documents/2008/01/14/singapore-framework/}
}

@TECHREPORT{DCMI-DC-RDF-2008,
  author = {Nilsson, Mikael and Powel, Andy and Johnston, Pete and Naeve, Ambjörn},
  title = {{Expressing Dublin Core Metadata using the Resource Description Framework
	(RDF)}},
  institution = {Dublin Core Metadata Initiative (DCMI)},
  year = {2008},
  type = {{DCMI Recommendation}},
  month = {January},
  note = {\url{http://dublincore.org/documents/2008/01/14/dc-rdf/}},
  url = {http://dublincore.org/documents/2008/01/14/dc-rdf/}
}

@INCOLLECTION{nolle2014efficient,
  author = {Nolle, Andreas and Meilicke, Christian and Stuckenschmidt, Heiner
	and Nemirovski, German},
  title = {{Efficient Federated Debugging of Lightweight Ontologies}},
  booktitle = {{Web Reasoning and Rule Systems}},
  publisher = {{Springer International Publishing}},
  year = {2014},
  pages = {206--215}
}

@INPROCEEDINGS{nolle2013elite,
  author = {Nolle, Andreas and Nemirovski, German},
  title = {{ELITE: An Entailment-Based Federated Query Engine for Complete and
	Transparent Semantic Data Integration}},
  booktitle = {{Proceedings of the 26th International Workshop on Description Logics}},
  year = {2013},
  pages = {854--867},
  publisher = {CEUR Electronic Workshop Proceedings}
}

@TECHREPORT{IETF-2005,
  author = {{Nottingham, M. and Sayre, R.}},
  title = {{Atom Syndication Format (Atom)}},
  institution = {{IETF atompub Working Group}},
  year = {2005},
  type = {{Proposed Standard Specification}},
  month = {December},
  note = {http://www.w3.org/2005/Atom},
  url = {http://www.w3.org/2005/Atom}
}

@INPROCEEDINGS{O'Connor-Das-2011,
  author = {O'Connor, Martin J. and Das, Amar},
  title = {{Acquiring OWL Ontologies from XML Documents}},
  booktitle = {{Proceedings of the Sixth International Conference on Knowledge Capture}},
  year = {2011},
  series = {K-CAP '11},
  pages = {17--24},
  address = {{New York, NY, USA}},
  publisher = {ACM},
  acmid = {1999681},
  doi = {10.1145/1999676.1999681},
  isbn = {978-1-4503-0396-5},
  keywords = {Manchester OWL syntax, OWL, XML, XPath, knowledge acquisition},
  location = {Banff, Alberta, Canada},
  numpages = {8},
  url = {http://doi.acm.org/10.1145/1999676.1999681}
}

@ARTICLE{O'Connor-2010,
  author = {O'Connor, Martin J. and Das, Amar},
  title = {{Semantic Reasoning with XML-Based Biomedical Information Models}},
  journal = {{Studies in Health Technology and Informatics}},
  year = {2010},
  volume = {160},
  pages = {986--990},
  number = {2},
  issn = {0926-9630},
  url = {http://europepmc.org/abstract/MED/20841831}
}

@TECHREPORT{OMG2015,
  author = {{Object Management Group (OMG)}},
  title = {{Meta Object Facility (MOF) 2.0 Query/View/Transformation Specification
	- Version 1.2}},
  institution = {Object Management Group (OMG)},
  year = {2015},
  type = {{Object Management Group (OMG) Specification}},
  month = {February},
  note = {http://www.omg.org/spec/QVT/1.2},
  url = {http://www.omg.org/spec/QVT/1.2}
}

@TECHREPORT{OMG-OCL-2014,
  author = {{Object Management Group (OMG)}},
  title = {{Object Constraint Language - Version 2.4}},
  institution = {Object Management Group (OMG)},
  year = {2014},
  type = {{Object Management Group (OMG) Specification}},
  month = {February},
  note = {http://www.omg.org/spec/OCL/2.4/},
  url = {http://www.omg.org/spec/OCL/2.4/}
}

@TECHREPORT{OMG-XMI-2014,
  author = {{Object Management Group (OMG)}},
  title = {{XML Metadata Interchange (XMI) Specification - Version 2.4.2}},
  institution = {Object Management Group (OMG)},
  year = {2014},
  type = {{Object Management Group (OMG) Specification}},
  month = {April},
  note = {http://www.omg.org/spec/XMI/2.4.2},
  url = {http://www.omg.org/spec/XMI/2.4.2}
}

@TECHREPORT{OMG-BPMN-2013,
  author = {{Object Management Group (OMG)}},
  title = {{Business Process Model and Notation (BPMN) - Version 2.0.2}},
  institution = {Object Management Group (OMG)},
  year = {2013},
  type = {{Object Management Group (OMG) Specification}},
  month = {December},
  note = {http://www.omg.org/spec/BPMN/2.0.2/},
  url = {http://www.omg.org/spec/BPMN/2.0.2/}
}

@TECHREPORT{OMG-MOF-2013,
  author = {{Object Management Group (OMG)}},
  title = {{OMG Meta Object Facility (MOF) Core Specification - Version 2.4.1}},
  institution = {Object Management Group (OMG)},
  year = {2013},
  type = {{Object Management Group (OMG) Specification}},
  month = {June},
  note = {http://www.omg.org/spec/MOF/2.4.1/},
  url = {http://www.omg.org/spec/MOF/2.4.1/}
}

@TECHREPORT{OMG-SysML-2012,
  author = {{Object Management Group (OMG)}},
  title = {{OMG Systems Modeling Language (OMG SysML) - Version 1.3}},
  institution = {Object Management Group (OMG)},
  year = {2012},
  type = {{Object Management Group (OMG) Specification}},
  month = {June},
  note = {http://www.omg.org/spec/SysML/1.3/},
  url = {http://www.omg.org/spec/SysML/1.3/}
}

@TECHREPORT{OMG2011,
  author = {{Object Management Group (OMG)}},
  title = {{OMG Unified Modeling Language (OMG UML), Infrastructure - Version
	2.4.1}},
  institution = {Object Management Group (OMG)},
  year = {2011},
  type = {{Object Management Group (OMG) Specification}},
  month = {August},
  note = {http://www.omg.org/spec/UML/2.4.1/Infrastructure/},
  url = {http://www.omg.org/spec/UML/2.4.1/Infrastructure/}
}

@TECHREPORT{OMG2011-2,
  author = {{Object Management Group (OMG)}},
  title = {{OMG Unified Modeling Language (OMG UML), Superstructure - Version
	2.4.1}},
  institution = {Object Management Group (OMG)},
  year = {2011},
  type = {{Object Management Group (OMG) Specification}},
  month = {August},
  note = {http://www.omg.org/spec/UML/2.4.1/Superstructure/},
  url = {http://www.omg.org/spec/UML/2.4.1/Superstructure/}
}

@TECHREPORT{OMG-CWM-2003,
  author = {{Object Management Group (OMG)}},
  title = {{Common Warehouse Metamodel (CWM) Specification - Version 1.1}},
  institution = {Object Management Group (OMG)},
  year = {2003},
  type = {{Object Management Group (OMG) Specification}},
  month = {March},
  note = {http://www.omg.org/spec/CWM/1.1/},
  url = {http://www.omg.org/spec/CWM/1.1/}
}

@INCOLLECTION{poggi2008linking,
  author = {Poggi, Antonella and Lembo, Domenico and Calvanese, Diego and De
	Giacomo, Giuseppe and Lenzerini, Maurizio and Rosati, Riccardo},
  title = {{Linking Data to Ontologies}},
  booktitle = {{Journal on Data Semantics X}},
  publisher = {Springer},
  year = {2008},
  pages = {133--173}
}

@TECHREPORT{DCMI-Abstract-Model-2007,
  author = {Powell, Andy and Nilsson, Mikael and Naeve, Ambjörn and Johnston,
	Pete and Baker, Thomas},
  title = {{DCMI Abstract Model}},
  institution = {Dublin Core Metadata Initiative (DCMI)},
  year = {2007},
  type = {{DCMI Recommendation}},
  month = {June},
  note = {\url{http://dublincore.org/documents/2007/06/04/abstract-model/}},
  url = {http://dublincore.org/documents/2007/06/04/abstract-model/}
}

@TECHREPORT{W3C-SHACL-3-2015,
  author = {Prud'hommeaux, Eric},
  title = {{SHACL-SPARQL}},
  institution = {W3C},
  year = {2015},
  type = {{W3C Editor's Draft}},
  month = {July},
  note = {http://w3c.github.io/data-shapes/semantics/SPARQL},
  utl = {http://w3c.github.io/data-shapes/semantics/SPARQL}
}

@TECHREPORT{W3C-ShEx-Primer-2014,
  author = {Prud'hommeaux, Eric},
  title = {{Shape Expressions 1.0 Primer}},
  institution = {W3C},
  year = {2014},
  type = {{W3C Member Submission}},
  month = {June},
  note = {\url{http://www.w3.org/Submission/2014/SUBM-shex-primer-20140602/}},
  url = {http://www.w3.org/Submission/2014/SUBM-shex-primer-20140602/}
}

@TECHREPORT{W3C-Turtle-2014,
  author = {Prud'hommeaux, Eric and Carothers, Gavin},
  title = {{RDF 1.1 Turtle - Terse RDF Triple Language}},
  institution = {W3C},
  year = {2014},
  type = {{W3C Recommendation}},
  month = {February},
  note = {http://www.w3.org/TR/2014/REC-turtle-20140225/},
  owner = {Thomas},
  timestamp = {2014.05.03},
  utl = {http://www.w3.org/TR/2014/REC-turtle-20140225/}
}

@INPROCEEDINGS{Prud'hommeaux-2014,
  author = {Prud'hommeaux, Eric and Labra Gayo, Jose Emilio and Solbrig, Harold},
  title = {{Shape Expressions: An RDF Validation and Transformation Language}},
  booktitle = {{Proceedings of the 10th International Conference on Semantic Systems
	(SEMANTiCS)}},
  year = {2014},
  series = {SEMANTiCS 2014},
  pages = {32--40},
  address = {New York, NY, USA},
  publisher = {ACM},
  acmid = {2660523},
  doi = {10.1145/2660517.2660523},
  isbn = {978-1-4503-2927-9},
  keywords = {RDF, graphs, transformation, validation},
  location = {Leipzig, Germany},
  numpages = {9},
  url = {http://doi.acm.org/10.1145/2660517.2660523}
}

@ARTICLE{Perez2009,
  author = {P{\'e}rez, Jorge and Arenas, Marcelo and Gutierrez, Claudio},
  title = {{Semantics and Complexity of SPARQL}},
  journal = {{ACM Transactions on Database Systems (TODS)}},
  year = {2009},
  volume = {34},
  pages = {16:1--16:45},
  number = {3},
  month = sep,
  acmid = {1567278},
  address = {New York, NY, USA},
  articleno = {16},
  doi = {10.1145/1567274.1567278},
  issn = {0362-5915},
  issue_date = {August 2009},
  keywords = {Complexity, RDF, SPARQL, query language, semantic Web},
  numpages = {45},
  publisher = {ACM},
  url = {http://doi.acm.org/10.1145/1567274.1567278}
}

@INPROCEEDINGS{Reif-2005,
  author = {Reif, Gerald and Gall, Harald and Jazayeri, Mehdi},
  title = {{WEESA: Web Engineering for Semantic Web Applications}},
  booktitle = {{Proceedings of the 14th International Conference on World Wide Web}},
  year = {2005},
  pages = {722--729},
  address = {New York, NY, USA},
  publisher = {ACM},
  acmid = {1060849},
  doi = {10.1145/1060745.1060849},
  isbn = {1-59593-046-9},
  keywords = {Web engineering, ontology, semantic Web, semantic annotation},
  location = {Chiba, Japan},
  numpages = {8},
  url = {http://doi.acm.org/10.1145/1060745.1060849}
}

@INPROCEEDINGS{Riechert2007,
  author = {Riechert, Thomas and Lauenroth, Kim and Lehmann, Jens and Auer, S{\"o}ren},
  title = {{Towards Semantic Based Requirements Engineering}},
  booktitle = {{Proceedings of the 7th International Conference on Knowledge Management
	(I-KNOW)}},
  year = {2007},
  added-at = {2014-04-29T14:50:59.000+0200},
  biburl = {http://www.bibsonomy.org/bibtex/20624302b13e52be049cd5d9a40c6571d/aksw},
  date-modified = {2012-12-02 12:59:02 +0000},
  description = {publications Jens Lehmann},
  interhash = {8f26251087419c7cd1b4530ce3419897},
  intrahash = {0624302b13e52be049cd5d9a40c6571d},
  keywords = {2007 event_i-know group_aksw lehmann softwiki},
  modified = {2012-12-02 12:59:02 +0000},
  timestamp = {2014-04-29T14:50:59.000+0200},
  url = {http://jens-lehmann.org/files/2007/swore.pdf}
}

@TECHREPORT{W3C-XPath-2014,
  author = {Robie, Jonathan and Chamberlin, Don and Dyck, Michael and Snelson,
	John},
  title = {{XML Path Language (XPath) 3.0}},
  institution = {W3C},
  year = {2014},
  type = {{W3C Recommendation}},
  month = {April},
  note = {\url{http://www.w3.org/TR/2014/REC-xpath-30-20140408/}},
  url = {\url{http://www.w3.org/TR/2014/REC-xpath-30-20140408/}}
}

@TECHREPORT{W3C-XQuery-2014,
  author = {Robie, Jonathan and Chamberlin, Don and Dyck, Michael and Snelson,
	John},
  title = {{XQuery 3.0: An XML Query Language}},
  institution = {W3C},
  year = {2014},
  type = {{W3C Recommendation}},
  month = {April},
  note = {\url{http://www.w3.org/TR/2014/REC-xquery-30-20140408/}},
  url = {\url{http://www.w3.org/TR/2014/REC-xquery-30-20140408/}}
}

@TECHREPORT{W3C-ReSh-2014,
  author = {Ryman, Arthur},
  title = {{Resource Shape 2.0}},
  institution = {W3C},
  year = {2014},
  type = {{W3C Member Submission}},
  month = {February},
  note = {\url{http://www.w3.org/Submission/2014/SUBM-shapes-20140211/}},
  url = {http://www.w3.org/Submission/2014/SUBM-shapes-20140211/}
}

@INPROCEEDINGS{Ryman2013,
  author = {Ryman, Arthur G. and Hors, Arnaud Le and Speicher, Steve},
  title = {{OSLC Resource Shape: A Language for Defining Constraints on Linked
	Data}},
  booktitle = {{Proceedings of the International World Wide Web Conference (WWW),
	Workshop on Linked Data on the Web (LDOW)}},
  year = {2013},
  editor = {Bizer, Christian and Heath, Tom and Berners-Lee, Tim and Hausenblas,
	Michael and Auer, Sören},
  volume = {996},
  series = {CEUR Workshop Proceedings},
  publisher = {CEUR-WS.org},
  added-at = {2013-07-23T00:00:00.000+0200},
  biburl = {http://www.bibsonomy.org/bibtex/24388eee0575dbcf389ed2dd2775c8112/dblp},
  ee = {http://ceur-ws.org/Vol-996/papers/ldow2013-paper-02.pdf},
  interhash = {ef74019e32ebfc44c4fd7e56669a5231},
  intrahash = {4388eee0575dbcf389ed2dd2775c8112},
  keywords = {dblp},
  owner = {Thomas},
  timestamp = {2013-07-23T00:00:00.000+0200},
  url = {http://dblp.uni-trier.de/db/conf/www/ldow2013.html#RymanHS13}
}

@INPROCEEDINGS{Sateli2013,
  author = {B. Sateli and E. Angius and R. Witte},
  title = {{The ReqWiki Approach for Collaborative Software Requirements Engineering
	with Integrated Text Analysis Support}},
  booktitle = {{The 37th Annual International Computer Software \& Applications
	Conference (COMPSAC 2013)}},
  year = {2013},
  pages = {405--414},
  address = {{Kyoto, Japan}},
  publisher = {IEEE},
  doi = {http://dx.doi.org/10.1109/COMPSAC.2013.68},
  owner = {kai},
  timestamp = {2014.05.17}
}

@ARTICLE{SchaibleZapilkoBoschZenkMoeltgen2015,
  author = {Schaible, Johann and Zapilko, Benjamin and Bosch, Thomas and Zenk-Möltgen,
	Wolfgang},
  title = {{Linking Study Descriptions to the Linked Open Data Cloud}},
  journal = {{IASSIST Quarterly}},
  year = {2015},
  owner = {Thomas Bosch},
  timestamp = {2014.11.07}
}

@TECHREPORT{Schmachtenberg-2014,
  author = {Schmachtenberg, Max and Bizer, Christian and Paulheim, Heiko},
  title = {{State of the LOD Cloud 2014}},
  institution = {University of Mannheim},
  year = {2014},
  note = {\url{http://linkeddatacatalog.dws.informatik.uni-mannheim.de/state/}},
  url = {\url{http://linkeddatacatalog.dws.informatik.uni-mannheim.de/state/}}
}

@TECHREPORT{Schneider2009,
  author = {Schneider, Michael},
  title = {{OWL 2 Web Ontology Language RDF-Based Semantics}},
  institution = {W3C},
  year = {2009},
  type = {{W3C} Recommendation},
  month = {October},
  note = {\url{http://www.w3.org/TR/2009/REC-owl2-rdf-based-semantics-20091027/}},
  added-at = {2011-12-12T19:00:57.000+0100},
  bibsource = {http://w2.syronex.com/jmr/w3c-biblio},
  biburl = {http://www.bibsonomy.org/bibtex/2a04a2b5243d79beab714a0caa7750ceb/gergie},
  groups = {public},
  interhash = {0ca86ce97135e60d6f2fa543e2a3b519},
  intrahash = {a04a2b5243d79beab714a0caa7750ceb},
  timestamp = {2011-12-12T19:00:57.000+0100},
  url = {http://www.w3.org/TR/2009/REC-owl2-rdf-based-semantics-20091027/},
  username = {gergie}
}

@TECHREPORT{W3C-RDF-Primer-2014,
  author = {Schreiber, Guus and Raimond, Yves},
  title = {{RDF 1.1 Primer}},
  institution = {W3C},
  year = {2014},
  type = {{W3C Working Group Note}},
  month = {June},
  note = {\url{http://www.w3.org/TR/2014/NOTE-rdf11-primer-20140624/}},
  owner = {Thomas},
  timestamp = {2014.05.03},
  url = {\url{http://www.w3.org/TR/2014/NOTE-rdf11-primer-20140624/}}
}

@ARTICLE{Shabo-2006,
  author = {Shabo, A. and Rabinovici-Cohen, S. and Vortman, P.},
  title = {{Revolutionary Impact of XML on Biomedical Information Interoperability}},
  journal = {{IBM Systems Journal}},
  year = {2006},
  volume = {45},
  pages = {361-372},
  number = {2},
  doi = {10.1147/sj.452.0361},
  issn = {0018-8670}
}

@ARTICLE{sirin2007pellet,
  author = {Sirin, Evren and Parsia, Bijan and Grau, Bernardo Cuenca and Kalyanpur,
	Aditya and Katz, Yarden},
  title = {{Pellet: A Practical OWL-DL Reasoner}},
  journal = {{Web Semantics: Science, Services and Agents on the World Wide Web}},
  year = {2007},
  volume = {5},
  pages = {51--53},
  number = {2},
  publisher = {Elsevier}
}

@INPROCEEDINGS{SirinTao2009,
  author = {E. Sirin and J. Tao},
  title = {{Towards Integrity Constraints in OWL}},
  booktitle = {{Proceedings of the Workshop on OWL: Experiences and Directions (OWLED
	2009)}},
  year = {2009},
  owner = {Thomas},
  timestamp = {2014.05.01}
}

@TECHREPORT{W3C-ShEx-Definition-2014,
  author = {Solbrig, Harold and Prud'hommeaux, Eric},
  title = {{Shape Expressions 1.0 Definition}},
  institution = {W3C},
  year = {2014},
  type = {{W3C Member Submission}},
  month = {June},
  note = {\url{http://www.w3.org/Submission/2014/SUBM-shex-defn-20140602/}},
  url = {http://www.w3.org/Submission/2014/SUBM-shex-defn-20140602/}
}

@TECHREPORT{W3C-JSON-2014,
  author = {Sporny, Manu and Kellogg, Gregg and Lanthaler, Markus},
  title = {{JSON-LD 1.0 - A JSON-based Serialization for Linked Data}},
  institution = {W3C},
  year = {2014},
  type = {{W3C Recommendation}},
  month = {January},
  note = {http://www.w3.org/TR/2014/REC-json-ld-20140116/},
  owner = {Thomas},
  timestamp = {2014.05.03},
  utl = {http://www.w3.org/TR/2014/REC-json-ld-20140116/}
}

@BOOK{Steinberg-2009,
  title = {{EMF: Eclipse Modeling Framework}},
  publisher = {{Addison-Wesley Professional}},
  year = {2009},
  author = {Steinberg, Dave and Budinsky, Frank and Paternostro, Marcelo and
	Merks, Ed},
  edition = {2nd},
  isbn = {0321331885}
}

@BOOK{Stuckenschmidt-2011,
  title = {{Ontologien, Konzepte, Technologien und Anwendungen}},
  publisher = {{Springer}},
  year = {2011},
  author = {Stuckenschmidt, Heiner},
  address = {Berlin, Heidelberg, Germany},
  isbn = {978-3-642-05403-7},
  publisherplace = {Berlin, Heidelberg, Germany}
}

@INPROCEEDINGS{stuckenschmidt2008debugging,
  author = {Stuckenschmidt, Heiner},
  title = {{Debugging OWL Ontologies - A Reality Check}},
  booktitle = {{Proceedings of the 6th International Workshop on Evaluation of Ontology-based
	Tools and the Semantic Web Service Challenge (EON-SWSC)}},
  year = {2008},
  address = {{Tenerife, Spain}},
  month = {{June}}
}

@PHDTHESIS{tao2012integrity,
  author = {Tao, Jiao},
  title = {{Integrity Constraints for the Semantic Web: An OWL 2 DL Extension}},
  school = {{Rensselaer Polytechnic Institute}},
  year = {2012}
}

@TECHREPORT{Thompson2004,
  author = {Thompson, Henry S. and Beech, David and Maloney, Murray and Mendelsohn,
	Noah},
  title = {{XML Schema Part 1: Structures Second Edition}},
  institution = {W3C},
  year = {2004},
  type = {{W3C Recommendation}},
  month = {10},
  note = {http://www.w3.org/TR/2004/REC-xmlschema-1-20041028/},
  abstract = {XML Schema: Structures specifies the XML Schema definition language,
	which offers facilities for describing the structure and constraining
	the contents of XML 1.0 documents, including those which exploit
	the XML Namespace facility. The schema language, which is itself
	represented in XML 1.0 and uses namespaces, substantially reconstructs
	and considerably extends the capabilities found in XML 1.0 document
	type definitions (DTDs). This specification depends on XML Schema
	Part 2: Datatypes.},
  added-at = {2011-08-01T14:42:26.000+0200},
  biburl = {http://www.bibsonomy.org/bibtex/2388dc5a6535f6ec7483939d8d0f7fe2a/voj},
  editor = {Thompson, Henry S. and Beech, David and Maloney, Murray and Mendelsohn,
	Noah},
  howpublished = {{W3C Recommendation}},
  interhash = {74e1de9dec52d9843d6197ffd24059cb},
  intrahash = {388dc5a6535f6ec7483939d8d0f7fe2a},
  keywords = {standard xml xsd},
  timestamp = {2011-08-01T14:44:44.000+0200},
  url = {http://www.w3.org/TR/2004/REC-xmlschema-1-20041028/}
}

@INCOLLECTION{Tous-2005,
  author = {Tous, Rub{\'e}n and Garc\'{\i}a, Roberto and Rodr\'{\i}guez, Eva
	and Delgado, Jaime},
  title = {{Architecture of a Semantic XPath Processor. Application to Digital
	Rights Management}},
  booktitle = {{E-Commerce and Web Technologies}},
  publisher = {Springer Berlin Heidelberg},
  year = {2005},
  editor = {Bauknecht, Kurt and Pröll, Birgit and Werthner, Hannes},
  volume = {3590},
  series = {Lecture Notes in Computer Science},
  pages = {1-10},
  doi = {10.1007/11545163_1},
  isbn = {978-3-540-28467-3},
  language = {English},
  url = {http://dx.doi.org/10.1007/11545163_1}
}

@INCOLLECTION{tsarkov2006fact++,
  author = {Tsarkov, Dmitry and Horrocks, Ian},
  title = {{FaCT++ Description Logic Reasoner: System Description}},
  booktitle = {{Automated Reasoning}},
  publisher = {Springer},
  year = {2006},
  pages = {292--297}
}

@ARTICLE{Vardigan2008,
  author = {Mary Vardigan and Pascal Heus and Wendy Thomas},
  title = {{Data Documentation Initiative: Towards a Standard for the Social
	Sciences}},
  journal = {{International Journal of Digital Curation}},
  year = {2008},
  volume = {3},
  pages = {107-113},
  number = {1},
  abstract = {The Data Documentation Initiative (DDI) is an emerging metadata standard
	for the social sciences. The DDI is in active use by many data specialists
	and archivists, but researchers themselves have been slow to recognize
	the benefits of the standards approach to metadata. This paper outlines
	how the DDI has evolved since its inception in 1995 and discusses
	ways to broaden its impact in the social science research community.},
  doi = {doi:10.2218/ijdc.v3i1.45},
  url = {http://www.ijdc.net/index.php/ijdc/article/view/66}
}

@TECHREPORT{Volz-2003,
  author = {Volz, R. and Oberle, D. and Staab, S. and Studer R.},
  title = {{OntoLiFT Prototype – WonderWeb: Ontology Infrastructure for the
	Semantic Web}},
  year = {2003},
  note = {http://wonderweb.man.ac.uk/deliverables/documents/D11.pdf},
  url = {http://wonderweb.man.ac.uk/deliverables/documents/D11.pdf}
}

@ARTICLE{VomprasGregoryBoschWackerow2015,
  author = {Vompras, Johanna and Gregory, Arofan and Bosch, Thomas and Wackerow,
	Joachim},
  title = {{Scenarios for the DDI-RDF Discovery Vocabulary}},
  journal = {{DDI Working Paper Series}},
  year = {2015},
  owner = {Thomas Bosch},
  timestamp = {2014.11.07}
}

@TECHREPORT{WackerowHoyleBosch2015,
  author = {Wackerow, Joachim and Hoyle, Larry and Bosch, Thomas},
  title = {{Physical Data Description}},
  institution = {{DDI Alliance}},
  year = {2015},
  type = {{DDI Alliance Specification}},
  month = jan,
  note = {https://github.com/linked-statistics/physical-data-description},
  owner = {Thomas Bosch},
  timestamp = {2014.11.08}
}

@TECHREPORT{OGC-2008,
  author = {{Wilson, Tim}},
  title = {{KML - Version 2.2.0}},
  institution = {{Open Geospatial Consortium Inc.}},
  year = {2008},
  type = {{Open Geospatial Consortium Inc. Specification}},
  month = {April},
  note = {http://www.opengeospatial.org/standards/kml},
  url = {http://www.opengeospatial.org/standards/kml}
}

@BOOK{Baader-2003,
  title = {{The Description Logic Handbook: Theory, Implementation, and Applications}},
  publisher = {{Cambridge University Press}},
  year = {2003},
  editor = {Baader, Franz and Calvanese, Diego and McGuinness, Deborah L. and
	Nardi, Daniele and Patel-Schneider, Peter F.},
  address = {New York, NY, USA},
  isbn = {0-521-78176-0}
}

