% This file was created with JabRef 2.10.
% Encoding: UTF8


@InCollection{Abrial-1980,
  Title                    = {{A Specification Language}},
  Author                   = {Abrial, Jean-Raymond and Schuman, Stephen A.},
  Booktitle                = {{On the Construction of Programs}},
  Publisher                = {Cambridge University Press},
  Year                     = {1980},
  Editor                   = {McNaughten, R. and McKeag, R. C.},
  Note                     = {\url{http://se.ethz.ch/~meyer/publications/languages/Z_original.pdf}},

  ISBN                     = {0-521-23090-X},
  Language                 = {English},
  Url                      = {http://se.ethz.ch/~meyer/publications/languages/Z_original.pdf}
}

@TechReport{Alexander-2011,
  Title                    = {{Describing Linked Datasets with the VoID Vocabulary}},
  Author                   = {Alexander, Keith and Cyganiak, Richard and Hausenblas, Michael and Zhao, Jun},
  Institution              = {W3C},
  Year                     = {2011},
  Month                    = {March},
  Note                     = {\url{http://www.w3.org/TR/2011/NOTE-void-20110303/}},
  Type                     = {{W3C Interest Group Note}},

  Url                      = {http://www.w3.org/TR/2011/NOTE-void-20110303/}
}

@TechReport{DroegeBoschCharlesClayphanMatienzoRuehlePohlAlonenSvenssonCoyle2014,
  Title                    = {{Report on the Current State: Use Cases and Validation Requirements}},
  Author                   = {Alonen , Miika and Bosch, Thomas and Charles, Valentine and Clayphan, Robina and Coyle, Karen and Dröge, Evelyn and Isaac, Antoine and Matienzo, Mark and Pohl, Adrian and Rühle, Stefanie and Svensson, Lars},
  Institution              = {{Dublin Core Metadata Initiative (DCMI)}},
  Year                     = {2015},
  Month                    = {July},
  Note                     = {\url{http://wiki.dublincore.org/index.php/RDF_Application_Profiles/UCR_Deliverable}},
  Type                     = {{DCMI Draft}},

  Url                      = {http://wiki.dublincore.org/index.php/RDF_Application_Profiles/UCR_Deliverable}
}

@TechReport{DroegeBoschCharlesClayphanMatienzoRuehlePohlAlonenSvenssonCoyle2015,
  Title                    = {{Report on Validation Requirements}},
  Author                   = {Alonen , Miika and Bosch, Thomas and Charles, Valentine and Clayphan, Robina and Coyle, Karen and Dröge, Evelyn and Isaac, Antoine and Matienzo , Mark and Pohl, Adrian and Rühle, Stefanie and Svensson, Lars},
  Institution              = {{Dublin Core Metadata Initiative (DCMI)}},
  Year                     = {2015},
  Month                    = {July},
  Note                     = {\url{http://wiki.dublincore.org/index.php/RDF_Application_Profiles/Requirements}},
  Type                     = {{DCMI Draft}},

  Url                      = {http://wiki.dublincore.org/index.php/RDF_Application_Profiles/Requirements}
}

@InCollection{Angles2008,
  Title                    = {The Expressive Power of SPARQL},
  Author                   = {Angles, Renzo and Gutierrez, Claudio},
  Booktitle                = {The Semantic Web - ISWC 2008},
  Publisher                = {Springer Berlin Heidelberg},
  Year                     = {2008},
  Editor                   = {Sheth, Amit and Staab, Steffen and Dean, Mike and Paolucci, Massimo and Maynard, Diana and Finin, Timothy and Thirunarayan, Krishnaprasad},
  Pages                    = {114-129},
  Series                   = {Lecture Notes in Computer Science},
  Volume                   = {5318},

  Doi                      = {10.1007/978-3-540-88564-1_8}
}

@InCollection{Anicic-Ivezic-Marjanovic-2007,
  Title                    = {{Mapping XML Schema to OWL}},
  Author                   = {Anicic, Nenad and Ivezic, Nenad and Marjanovic, Zoran},
  Booktitle                = {{Enterprise Interoperability}},
  Publisher                = {Springer},
  Year                     = {2007},
  Pages                    = {243--252}
}

@TechReport{W3C-SPARQL1.1-Overview-2013,
  Title                    = {{SPARQL 1.1 Overview}},
  Author                   = {Aranda, Carlos Buil and Corby, Olivier and Das, Souripriya and Feigenbaum, Lee and Gearon, Paul and Glimm, Birte and Harris, Steve and Hawke, Sandro and Herman, Ivan and Humfrey, Nicholas and Michaelis, Nico and Ogbuji, Chimezie and Perry, Matthew and Passant, Alexandre and Polleres, Axel and Prud'hommeaux, Eric and Seaborne, Andy and Williams, Gregory Todd},
  Institution              = {W3C},
  Year                     = {2013},
  Month                    = {March},
  Note                     = {\url{http://www.w3.org/TR/2013/REC-sparql11-overview-20130321/}},
  Type                     = {{W3C Recommendation}},

  Owner                    = {Thomas},
  Timestamp                = {2014.05.03},
  Url                      = {\url{http://www.w3.org/TR/2013/REC-sparql11-overview-20130321/}}
}

@TechReport{Archer-2013,
  Title                    = {{Asset Description Metadata Schema (ADMS)}},
  Author                   = {Archer, Phil and Shukair, Gofran},
  Institution              = {W3C},
  Year                     = {2013},
  Month                    = {August},
  Note                     = {\url{http://www.w3.org/TR/2013/NOTE-vocab-adms-20130801/}},
  Type                     = {{W3C Working Group Note}},

  Url                      = {http://www.w3.org/TR/2013/NOTE-vocab-adms-20130801/}
}

@Book{Arora:2009:CCM:1540612,
  Title                    = {{Computational Complexity: A Modern Approach}},
  Author                   = {Arora, Sanjeev and Barak, Boaz},
  Publisher                = {{Cambridge University Press}},
  Year                     = {2009},

  Address                  = {New York, NY, USA},
  Edition                  = {1st},

  ISBN                     = {0521424267, 9780521424264}
}

@Article{Artale2009,
  Title                    = {{The DL-Lite Family and Relations}},
  Author                   = {Artale, Alessandro and Calvanese, Diego and Kontchakov, Roman and Zakharyaschev, Michael},
  Journal                  = {{Journal of Artificial Intelligence Research}},
  Year                     = {2009},

  Month                    = sep,
  Number                   = {1},
  Pages                    = {1--69},
  Volume                   = {36},

  Acmid                    = {1734954},
  Address                  = {USA},
  ISSN                     = {1076-9757},
  Issue_date               = {September 2009},
  Numpages                 = {69},
  Publisher                = {AI Access Foundation},
  Url                      = {http://dl.acm.org/citation.cfm?id=1734953.1734954}
}

@Article{Boerger-1995,
  Title                    = {{A Mathematical Definition of Full Prolog}},
  Author                   = {B\"{o}rger, Egon and Rosenzweig, Dean},
  Journal                  = {{Science of Computer Programming}},
  Year                     = {1995},

  Month                    = jun,
  Note                     = {\url{http://dx.doi.org/10.1016/0167-6423(95)00006-E}},
  Number                   = {3},
  Pages                    = {249--286},
  Volume                   = {24},

  Acmid                    = {214198},
  Address                  = {Amsterdam, The Netherlands, The Netherlands},
  Doi                      = {10.1016/0167-6423(95)00006-E},
  ISSN                     = {0167-6423},
  Issue_date               = {June 1995},
  Numpages                 = {38},
  Publisher                = {Elsevier North-Holland, Inc.},
  Url                      = {http://dx.doi.org/10.1016/0167-6423(95)00006-E}
}

@InCollection{Baader-Nutt-2003,
  Title                    = {{The Description Logic Handbook}},
  Author                   = {Baader, Franz and Nutt, Werner},
  Booktitle                = {{Basic Description Logics}},
  Publisher                = {Cambridge University Press},
  Year                     = {2003},

  Address                  = {New York, NY, USA},
  Editor                   = {Baader, Franz and Calvanese, Diego and McGuinness, Deborah L. and Nardi, Daniele and Patel-Schneider, Peter F.},
  Pages                    = {43--95},

  Acmid                    = {885749},
  ISBN                     = {0-521-78176-0},
  Numpages                 = {53},
  Url                      = {http://dl.acm.org/citation.cfm?id=885746.885749}
}

@Book{Balzert-2011,
  Title                    = {{Lehrbuch Der Softwaretechnik: Entwurf, Implementierung, Installation und Betrieb}},
  Author                   = {Balzert, Helmut},
  Publisher                = {Springer Spektrum},
  Year                     = {2011},
  Edition                  = {3},
  Note                     = {\url{http://www.springer.com/us/book/9783827417060}},
  Series                   = {Lehrb{\"u}cher der Informatik},

  ISBN                     = {9783827422460},
  Url                      = {http://www.springer.com/us/book/9783827417060}
}

@Book{Balzert-2009,
  Title                    = {{Lehrbuch der Softwaretechnik: Basiskonzepte und Requirements Engineering}},
  Author                   = {Balzert, Helmut},
  Publisher                = {Springer Spektrum},
  Year                     = {2009},
  Edition                  = {3},
  Note                     = {\url{http://www.springer.com/us/book/9783827417053}},
  Series                   = {Lehrb{\"u}cher der Informatik},

  ISBN                     = {978-3-8274-1705-3},
  Url                      = {http://www.springer.com/us/book/9783827417053}
}

@InProceedings{Battle-2006,
  Title                    = {{Gloze: XML to RDF and Back Again}},
  Author                   = {Battle, Steve},
  Booktitle                = {{Proceedings of the 1st Jena User Conference}},
  Year                     = {2006},

  Address                  = {{Bristol, UK}}
}

@Article{Berners-Lee-1997,
  Title                    = {{World-Wide Computer}},
  Author                   = {Berners-Lee, Tim},
  Journal                  = {{Communications of the ACM}},
  Year                     = {1997},

  Month                    = {February},
  Note                     = {\url{http://cacm.acm.org/magazines/1997/2/8461-world-wide-computer/abstract}},
  Number                   = {2},
  Pages                    = {57-58},
  Volume                   = {40},

  Url                      = {http://cacm.acm.org/magazines/1997/2/8461-world-wide-computer/abstract}
}

@Article{Berners-Lee-1996,
  Title                    = {{WWW: Past, Present, and Future}},
  Author                   = {Berners-Lee, Tim},
  Journal                  = {{IEEE Computer}},
  Year                     = {1996},

  Month                    = {October},
  Note                     = {\url{http://doi.ieeecomputersociety.org/10.1109/2.539724}},
  Number                   = {10},
  Pages                    = {69-77},
  Volume                   = {29},

  Doi                      = {10.1109/2.539724},
  Url                      = {http://doi.ieeecomputersociety.org/10.1109/2.539724}
}

@Article{Berners-Lee-1992,
  Title                    = {{World-Wide Web: The Information Universe}},
  Author                   = {Berners-Lee, Tim and Cailliau, Robert and Groff, Jean Fran\ccois and Pollermann, Bernd},
  Journal                  = {Electronic Networking: Research, Applications and Policy},
  Year                     = {1992},
  Number                   = {2},
  Pages                    = {74-82},
  Volume                   = {1}
}

@Article{Berners-Lee-1994,
  Title                    = {{The World-Wide Web}},
  Author                   = {Berners-Lee, Tim and Cailliau, Robert and Luotonen, Ari and Nielsen, Henrik Frystyk and Secret, Arthur},
  Journal                  = {{Communications of the ACM}},
  Year                     = {1994},

  Month                    = aug,
  Note                     = {\url{http://doi.acm.org/10.1145/179606.179671}},
  Number                   = {8},
  Pages                    = {76--82},
  Volume                   = {37},

  Acmid                    = {179671},
  Address                  = {New York, NY, USA},
  Doi                      = {10.1145/179606.179671},
  ISSN                     = {0001-0782},
  Numpages                 = {7},
  Publisher                = {ACM},
  Url                      = {http://doi.acm.org/10.1145/179606.179671}
}

@Article{Berners-Lee-2001,
  Title                    = {{The Semantic Web}},
  Author                   = {Berners-Lee, Tim and Hendler, James and Lassila, Ora},
  Journal                  = {{Scientific American}},
  Year                     = {2001},

  Month                    = may,
  Note                     = {\url{http://www.scientificamerican.com/article/the-semantic-web/}},
  Number                   = {5},
  Pages                    = {29-37},
  Volume                   = {284},

  Lastdatemodified         = {2007-04-27},
  Lastname                 = {Berners-Lee},
  Own                      = {notown},
  Read                     = {notread},
  Timestamp                = {2012-04-02T16:25:07.000+0200},
  Url                      = {http://www.scientificamerican.com/article/the-semantic-web/}
}

@InCollection{Bezivin-2006,
  Title                    = {{Model Driven Engineering: An Emerging Technical Space}},
  Author                   = {Bézivin, Jean},
  Booktitle                = {{Generative and Transformational Techniques in Software Engineering}},
  Publisher                = {Springer Berlin Heidelberg},
  Year                     = {2006},
  Editor                   = {Lämmel, Ralf and Saraiva, Jo\u00e3o and Visser, Joost},
  Pages                    = {36-64},
  Series                   = {Lecture Notes in Computer Science},
  Volume                   = {4143},

  Doi                      = {10.1007/11877028_2},
  ISBN                     = {978-3-540-45778-7},
  Keywords                 = {Model Driven Engineering; MDE; MDA; Metamodeling; Technical Spaces},
  Language                 = {English},
  Url                      = {http://dx.doi.org/10.1007/11877028_2}
}

@Book{Binstock-2002,
  Title                    = {{The XML Schema Complete Reference}},
  Author                   = {Binstock, Cliff and Peterson, Dave and Smith, Mitchell and Wooding, Mike and Dix, Chris and Galtenberg, Chris},
  Publisher                = {Addison-Wesley Longman Publishing Co., Inc.},
  Year                     = {2002},

  Address                  = {Boston, MA, USA},
  Note                     = {\url{http://www.xmlschemareference.com/XMLSchemaCompleteReference.html}},

  ISBN                     = {0672323745},
  Url                      = {http://www.xmlschemareference.com/XMLSchemaCompleteReference.html}
}

@TechReport{XMLSchema-Part2-2004,
  Title                    = {{XML Schema Part 2: Datatypes Second Edition}},
  Author                   = {Biron, Paul V. and Malhotra, Ashok},
  Institution              = {W3C},
  Year                     = {2004},
  Month                    = {10},
  Note                     = {\url{http://www.w3.org/TR/2004/REC-xmlschema-2-20041028/}},
  Type                     = {{W3C Recommendation}},

  Url                      = {\url{http://www.w3.org/TR/2004/REC-xmlschema-2-20041028/}}
}

@Article{Blank-2004,
  Title                    = {{The Data Documentation Initiative: The Value and Significance of a Worldwide Standard}},
  Author                   = {Blank, Grant and Rasmussen, Karsten Boye},
  Journal                  = {{Social Science Computer Review}},
  Year                     = {2004},

  Month                    = {August},
  Number                   = {3},
  Pages                    = {307--318},
  Volume                   = {22},

  Doi                      = {10.1177/0894439304263144},
  Url                      = {doi: 10.1177/0894439304263144}
}

@Article{Block-2012,
  Title                    = {{Developing a Model-Driven DDI Specification}},
  Author                   = {Block, William and Bosch, Thomas and Fitzpatrick, Bryan and Gillman, Dan and Greenfield, Jay and Gregory, Arofan and Hebing, Marcel and Hoyle, Larry and Humphrey, Chuck and Johnson, Jon and Linnerud, Jenny and Mathiak, Brigitte and McEachern, Steven and Radler, Barry and Risnes, {{\O}}rnulf and Smith, Dan and Thomas, Wendy and Wackerow, Joachim and Wegener, Dennis and Zenk-Möltgen, Wolfgang},
  Journal                  = {{DDI Working Paper Series}},
  Year                     = {2012},
  Note                     = {\url{http://www.ddialliance.org/system/files/DevelopingaModel-DrivenDDISpecification2013_05_15.pdf}},

  ISSN                     = {2153-8247},
  Url                      = {http://www.ddialliance.org/system/files/DevelopingaModel-DrivenDDISpecification2013_05_15.pdf}
}

@TechReport{W3C-OWL2-2012,
  Title                    = {{OWL 2 Web Ontology Language - Structural Specification and Functional-Style Syntax (Second Edition)}},
  Author                   = {Conrad Bock and Achille Fokoue and Peter Haase and Rinke Hoekstra and Ian Horrocks and Alan Ruttenberg and Uli Sattler and Michael Smith},
  Institution              = {W3C},
  Year                     = {2012},
  Month                    = {December},
  Note                     = {\url{http://www.w3.org/TR/2012/REC-owl2-syntax-20121211/}},
  Type                     = {{W3C Recommendation}},

  Url                      = {http://www.w3.org/TR/2012/REC-owl2-syntax-20121211/}
}

@TechReport{Bohr-2007-1,
  Title                    = {{Final Report MISSY User Survey}},
  Author                   = {Bohr, Jeanette},
  Institution              = {Gesis - Leibniz Institute for the Social Sciences},
  Year                     = {2007},

  Address                  = {{Mannheim, Germany}},
  Note                     = {\url{http://www.gesis.org/fileadmin/upload/forschung/publikationen/gesis\_reihen/gesis\_methodenberichte/2007/07\_01\_Bohr.pdf}},
  Number                   = {01},
  Type                     = {{ZUMA Methodenbericht}},

  Url                      = {http://www.gesis.org/fileadmin/upload/forschung/publikationen/gesis\_reihen/gesis\_methodenberichte/2007/07\_01\_Bohr.pdf}
}

@TechReport{Bohr-2010,
  Title                    = {{Microdata Information System MISSY: Metadata for the Microcensus Scientific Use Files (Final Report MISSY II)}},
  Author                   = {Bohr, Jeanette and Hopt, Oliver and Lengerer, Andrea and Schroedter, Julia and Wira-Alam, Andias},
  Institution              = {Gesis - Leibniz Institute for the Social Sciences},
  Year                     = {2010},

  Address                  = {{Mannheim, Germany}},
  Month                    = {July},
  Note                     = {\url{http://www.gesis.org/fileadmin/upload/forschung/publikationen/gesis\_reihen/gesis\_methodenberichte/2010/TechnicalReport\_10-7.pdf}},
  Number                   = {07},
  Type                     = {{Gesis Technical Report}},

  Url                      = {http://www.gesis.org/fileadmin/upload/forschung/publikationen/gesis\_reihen/gesis\_methodenberichte/2010/TechnicalReport\_10-7.pdf}
}

@TechReport{Bohr-2007,
  Title                    = {{Improvement of Access to Microdata for Research. Pilot Project for the Construction of a Service Center for Microdata of GESIS at ZUMA}},
  Author                   = {Bohr, Jeanette and Janßen, Andrea and Lengerer, Andrea and Lüttinger, Paul and Schroedter, Julia and Wolf, Christof},
  Institution              = {Gesis - Leibniz Institute for the Social Sciences},
  Year                     = {2007},

  Address                  = {{Mannheim, Germany}},
  Note                     = {\url{http://www.gesis.org/fileadmin/upload/forschung/publikationen/gesis_reihen/gesis_methodenberichte/2007/07_05_bohr_www.pdf}},
  Number                   = {05},
  Type                     = {{ZUMA Methodenbericht}},

  Url                      = {http://www.gesis.org/fileadmin/upload/forschung/publikationen/gesis_reihen/gesis_methodenberichte/2007/07_05_bohr_www.pdf}
}

@Article{Bohr-2006,
  Title                    = {{Problems of Comparability in the German Microcensus over Time and the New DDI Version 3.0}},
  Author                   = {Bohr, Jeanette and Janßen, Andrea and Wackerow, Joachim},
  Journal                  = {{IASSIST Quarterly}},
  Year                     = {2006},
  Note                     = {\url{http://www.iassistdata.org/sites/default/files/iq/iqvol301bohr.pdf}},
  Number                   = {2},
  Pages                    = {13--19},
  Volume                   = {30},

  Issue                    = {2},
  Url                      = {http://www.iassistdata.org/sites/default/files/iq/iqvol301bohr.pdf}
}

@InProceedings{Bohring-Auer-2005,
  Title                    = {{Mapping XML to OWL Ontologies}},
  Author                   = {Hannes Bohring and Sören Auer},
  Booktitle                = {{Leipziger Informatik-Tage, Volume 72 of LNI}},
  Year                     = {2005},

  Address                  = {{Leipzig, Germany}},
  Pages                    = {147--156},
  Publisher                = {GI}
}

@Article{Boneva-2014,
  Title                    = {{Validating RDF with Shape Expressions}},
  Author                   = {Iovka Boneva and
 Jos{\'{e}} Emilio Labra Gayo and
 Samuel Hym and
 Eric G. Prud'hommeau and
 Harold R. Solbrig and
 Slawek Staworko},
  Journal                  = {Computing Research Repository (CoRR)},
  Year                     = {2014},
  Volume                   = {abs/1404.1270},

  Bibsource                = {dblp computer science bibliography, http://dblp.org},
  Biburl                   = {http://dblp.uni-trier.de/rec/bib/journals/corr/BonevaGHPSS14},
  Timestamp                = {Thu, 01 May 2014 14:56:20 +0200},
  Url                      = {http://arxiv.org/abs/1404.1270}
}

@Article{Boneva-2015,
  Title                    = {{Shape Expressions Schemas}},
  Author                   = {Boneva, Iovka and Gayo, Jose E. Labra and Prud'hommeaux, Eric G. and Staworko, Sławek},
  Journal                  = {Computing Research Repository (CoRR)},
  Year                     = {2015},

  Month                    = {October},
  Note                     = {http://arxiv.org/abs/1510.05555},
  Volume                   = {abs/1510.05555},

  Archiveprefix            = {arXiv},
  Eprint                   = {1510.05555},
  Eprintclass              = {cs.DB},
  Eprinttype               = {arxiv},
  Primaryclass             = {cs.DB},
  Url                      = {http://arxiv.org/abs/1510.05555}
}

@TechReport{W3C-SHACL-2-2015,
  Title                    = {{Core SHACL Semantics}},
  Author                   = {Boneva, Iovka and Prud'hommeaux, Eric},
  Institution              = {W3C},
  Year                     = {2015},
  Month                    = {July},
  Note                     = {http://w3c.github.io/data-shapes/semantics/},
  Type                     = {{W3C Editor's Draft}},

  Utl                      = {http://w3c.github.io/data-shapes/semantics/}
}

@TechReport{Bos-1997,
  Title                    = {{The XML Data Model}},
  Author                   = {Bos, Bert},
  Institution              = {W3C},
  Year                     = {1997},
  Note                     = {http://www.w3.org/XML/Datamodel.html},

  Url                      = {http://www.w3.org/XML/Datamodel.html}
}

@InCollection{Bosch2012,
  Title                    = {{Reusing XML Schemas' Information as a Foundation for Designing Domain Ontologies}},
  Author                   = {Bosch, Thomas},
  Booktitle                = {The Semantic Web - ISWC 2012},
  Publisher                = {Springer Berlin Heidelberg},
  Year                     = {2012},
  Editor                   = {Cudré-Mauroux, Philippe and Heflin, Jeff and Sirin, Evren and Tudorache, Tania and Euzenat, JÃ©rÃ´me and Hauswirth, Manfred and Parreira, JosianeXavier and Hendler, Jim and Schreiber, Guus and Bernstein, Abraham and Blomqvist, Eva},
  Note                     = {\url{http://dx.doi.org/10.1007/978-3-642-35173-0_34}},
  Pages                    = {437-440},
  Series                   = {Lecture Notes in Computer Science},
  Volume                   = {7650},

  Doi                      = {10.1007/978-3-642-35173-0_34},
  ISBN                     = {978-3-642-35172-3},
  Keywords                 = {Semantic Web; Ontology Design; OWL; XML; XSD; XSLT},
  Language                 = {English},
  Url                      = {http://dx.doi.org/10.1007/978-3-642-35173-0_34}
}

@InProceedings{Bosch-Acar-Nolle-Eckert-2015,
  Title                    = {{The Role of Reasoning for RDF Validation}},
  Author                   = {Bosch, Thomas and Acar, Erman and Nolle, Andreas and Eckert, Kai},
  Booktitle                = {{Proceedings of the 11th International Conference on Semantic Systems (SEMANTiCS 2015)}},
  Year                     = {2015},

  Address                  = {Vienna, Austria},
  Month                    = {September},
  Note                     = {\url{http://doi.acm.org/10.1145/2814864.2814867}},
  Pages                    = {33--40},
  Publisher                = {ACM},

  Acmid                    = {2814867},
  Doi                      = {10.1145/2814864.2814867},
  ISBN                     = {978-1-4503-3462-4},
  Keywords                 = {OWL, RDF constraint types, RDF validation, data quality, linked data, reasoning, semantic web},
  Location                 = {Vienna, Austria},
  Numpages                 = {8},
  Url                      = {http://doi.acm.org/10.1145/2814864.2814867}
}

@InProceedings{BoschCyganiakGregoryWackerow2013,
  Title                    = {{DDI-RDF Discovery Vocabulary: A Metadata Vocabulary for Documenting Research and Survey Data}},
  Author                   = {Bosch, Thomas and Cyganiak, Richard and Gregory, Arofan and Wackerow, Joachim},
  Booktitle                = {{Proceedings of the 6th Workshop on Linked Data on the Web (LDOW 2013), 22nd International World Wide Web Conference (WWW 2013)}},
  Year                     = {2013},

  Address                  = {{Rio de Janeiro, Brazil}},
  Month                    = {May},
  Note                     = {\url{http://ceur-ws.org/Vol-996/}},
  Volume                   = {996},

  Url                      = {http://ceur-ws.org/Vol-996/}
}

@TechReport{BoschCyganiakWackerowZapilko2015,
  Title                    = {DDI-RDF Discovery Vocabulary: A Vocabulary for Publishing Metadata about Data Sets (Research and Survey Data) into the Web of Linked Data},
  Author                   = {Bosch, Thomas and Cyganiak, Richard and Wackerow, Joachim and Zapilko, Benjamin},
  Institution              = {DDI Alliance},
  Year                     = {2016},
  Type                     = {DDI Alliance Specification}
}

@InProceedings{BoschCyganiakWackerowZapilko2012,
  Title                    = {{Leveraging the DDI Model for Linked Statistical Data in the Social, Behavioural, and Economic Sciences}},
  Author                   = {Bosch, Thomas and Cyganiak, Richard and Wackerow, Joachim and Zapilko, Benjamin},
  Booktitle                = {{Proceedings of the 12th DCMI International Conference on Dublin Core and Metadata Applications (DC 2012)}},
  Year                     = {2012},

  Address                  = {{Kuching, Sarawak, Malaysia}},
  Month                    = {September},
  Note                     = {\url{http://dcpapers.dublincore.org/pubs/article/view/3654}},

  Url                      = {http://dcpapers.dublincore.org/pubs/article/view/3654}
}

@InProceedings{BoschEckert2015-2,
  Title                    = {{Guidance, Please! Towards a Framework for RDF-based Constraint Languages}},
  Author                   = {Bosch, Thomas and Eckert, Kai},
  Booktitle                = {{Proceedings of the 15th DCMI International Conference on Dublin Core and Metadata Applications (DC 2015)}},
  Year                     = {2015},

  Address                  = {{São Paulo, Brazil}},
  Note                     = {\url{http://dcevents.dublincore.org/IntConf/dc-2015/paper/view/386/368}},

  Url                      = {http://dcevents.dublincore.org/IntConf/dc-2015/paper/view/386/368}
}

@InProceedings{BoschEckert2014,
  Title                    = {Requirements on RDF Constraint Formulation and Validation},
  Author                   = {Bosch, Thomas and Eckert, Kai},
  Booktitle                = {Proc. of the 14th DCMI Int. Conf. on Dublin Core and Metadata Applications},
  Year                     = {2014},

  Address                  = {{Austin, Texas, USA}}
}

@InProceedings{BoschEckert2014-2,
  Title                    = {Towards Description Set Profiles for RDF using SPARQL as Intermediate Language},
  Author                   = {Bosch, Thomas and Eckert, Kai},
  Booktitle                = {Proc. of the 14th DCMI Int. Conf. on Dublin Core and Metadata Applications},
  Year                     = {2014},

  Address                  = {{Austin, Texas, USA}}
}

@Article{BoschMathiak2013,
  Title                    = {{How to Accelerate the Process of Designing Domain Ontologies based on XML Schemas}},
  Author                   = {Bosch, Thomas and Mathiak, Brigitte},
  Journal                  = {{International Journal of Metadata, Semantics and Ontologies - Special Issue on Metadata, Semantics and Ontologies for Web Intelligence}},
  Year                     = {2013},
  Note                     = {
\url{http://www.inderscience.com/info/inarticle.php?artid=57760}},
  Number                   = {3},
  Pages                    = {254 - 266},
  Volume                   = {8},

  Doi                      = {10.1504/IJMSO.2013.057760},
  Editor                   = {Monfort, Valérie and Gargouri, Faiez and Ghedira, Khaled and Meziane, Abdelkrim},
  ISBN                     = {978-3-642-12813-4},
  Keywords                 = {ntology design; domain ontologies; generated ontologies; XML schemas; XSD; XML schema metamodels; semantic web; linked data; OWL; RDF; SWRL rules; metadata; semantics; domain data modelling},
  Owner                    = {Thomas},
  Publisher                = {Inderscience},
  Series                   = {{International Journal of Metadata, Semantics and Ontologies}},
  Timestamp                = {2014.05.05},
  Url                      = {http://www.inderscience.com/info/inarticle.php?artid=57760}
}

@Article{BoschMathiak2015,
  Title                    = {{Use Cases Related to an Ontology of the Data Documentation Initiative}},
  Author                   = {Bosch, Thomas and Mathiak, Brigitte},
  Journal                  = {{IASSIST Quarterly}},
  Year                     = {2015},
  Note                     = {\url{http://iassistdata.org/iq/issue/38/4}},
  Pages                    = {25--37},
  Volume                   = {38(4) \& 39(1)},

  Url                      = {http://iassistdata.org/iq/issue/38/4}
}

@TechReport{BoschMathiak2013-2,
  Title                    = {{Evaluation of a Generic Approach for Designing Domain Ontologies Based on XML Schemas}},
  Author                   = {Bosch, Thomas and Mathiak, Brigitte},
  Institution              = {Gesis - Leibniz Institute for the Social Sciences},
  Year                     = {2013},

  Address                  = {{Mannheim, Germany}},
  Note                     = {http://www.gesis.org/publikationen/archiv/gesis-technical-reports/},
  Number                   = {08},
  Type                     = {{Gesis Technical Report}},

  Owner                    = {Thomas Bosch},
  Timestamp                = {2014.11.09},
  Url                      = {http://www.gesis.org/publikationen/archiv/gesis-technical-reports/}
}

@InProceedings{BoschMathiak2012,
  Title                    = {{XSLT Transformation Generating OWL Ontologies Automatically Based on XML Schemas}},
  Author                   = {Bosch, Thomas and Mathiak, Brigitte},
  Booktitle                = {{Proceedings of the 6th International Conference for Internet Technology and Secured Transactions (ICITST 2011), IEEE Xplore Digital Library}},
  Year                     = {2012},

  Address                  = {{Abu Dhabi, United Arab Emirates}},
  Note                     = {\url{http://edas.info/web/icitst2011/program.html}},
  Pages                    = {660-667},

  Url                      = {http://edas.info/web/icitst2011/program.html}
}

@InProceedings{BoschMathiak2011,
  Title                    = {{Generic Multilevel Approach Designing Domain Ontologies Based on XML Schemas}},
  Author                   = {Bosch, Thomas and Mathiak, Brigitte},
  Booktitle                = {{Proceedings of the 1st Workshop Ontologies Come of Age in the Semantic Web (OCAS 2011), 10th International Semantic Web Conference (ISWC 2011)}},
  Year                     = {2011},

  Address                  = {{Bonn, Germany}},
  Month                    = {October},
  Note                     = {\url{http://ceur-ws.org/Vol-809/}},
  Pages                    = {1--12},

  Url                      = {http://ceur-ws.org/Vol-809/}
}

@Article{BoschNolleAcarEckert2015,
  Title                    = {RDF Validation Requirements - Evaluation and Logical Underpinning},
  Author                   = {Bosch, Thomas and Nolle, Andreas and Acar, Erman and Eckert, Kai},
  Journal                  = {Computing Research Repository (CoRR)},
  Year                     = {2015},
  Volume                   = {abs/1501.03933},

  Archiveprefix            = {arXiv}
}

@Article{BoschOlssonGregoryWackerow2015,
  Title                    = {{DDI-RDF Discovery - A Discovery Model for Microdata}},
  Author                   = {Bosch, Thomas and Olsson, Olof and Gregory, Arofan and Wackerow, Joachim},
  Journal                  = {{IASSIST Quarterly}},
  Year                     = {2015},
  Note                     = {\url{http://iassistdata.org/iq/issue/38/4}},
  Pages                    = {17--24},
  Volume                   = {38(4) \& 39(1)},

  Url                      = {http://iassistdata.org/iq/issue/38/4}
}

@Article{Bosch-Wira-Alam-Mathiak-2014,
  Title                    = {{Designing an Ontology for the Data Documentation Initiative}},
  Author                   = {Thomas Bosch and
 Andias Wira{-}Alam and
 Brigitte Mathiak},
  Journal                  = {Computing Research Repository (CoRR)},
  Year                     = {2014},
  Note                     = {\url{http://arxiv.org/abs/1402.3470}},
  Volume                   = {abs/1402.3470},

  Bibsource                = {dblp computer science bibliography, http://dblp.org},
  Biburl                   = {http://dblp.uni-trier.de/rec/bib/journals/corr/BoschWM14},
  Timestamp                = {Wed, 05 Mar 2014 14:43:44 +0100},
  Url                      = {http://arxiv.org/abs/1402.3470}
}

@InProceedings{BoschWira-AlamMathiak2011,
  Title                    = {{Designing an Ontology for the Data Documentation Initiative}},
  Author                   = {Bosch, Thomas and Wira-Alam, Andias and Mathiak, Brigitte},
  Booktitle                = {{Proceedings of the 8th Extended Semantic Web Conference (ESWC 2011), Poster-Session}},
  Year                     = {2011},

  Address                  = {{Heraklion, Greece}},
  Note                     = {\url{http://www.eswc2011.org/content/accepted-posters.html}},

  Url                      = {\url{http://www.eswc2011.org/content/accepted-posters.html}}
}

@Article{BoschZapilko2015,
  Title                    = {{Semantic Web Applications for the Social Sciences}},
  Author                   = {Bosch, Thomas and Zapilko, Benjamin},
  Journal                  = {{IASSIST Quarterly}},
  Year                     = {2015},
  Note                     = {\url{http://iassistdata.org/iq/issue/38/4}},
  Pages                    = {7--16},
  Volume                   = {38(4) \& 39(1)},

  Url                      = {http://iassistdata.org/iq/issue/38/4}
}

@InProceedings{BoschZapilkoWackerowGregory2013,
  Title                    = {{Towards the Discovery of Person-Level Data - Reuse of Vocabularies and Related Use Cases}},
  Author                   = {Bosch, Thomas and Zapilko, Benjamin and Wackerow, Joachim and Gregory, Arofan},
  Booktitle                = {{Proceedings of the 1st International Workshop on Semantic Statistics (SemStats 2013), 12th International Semantic Web Conference (ISWC 2013), }},
  Year                     = {2013},

  Address                  = {{Sydney, Australia}},
  Month                    = {October},
  Note                     = {\url{http://semstats.github.io/2013/proceedings}},

  Url                      = {http://semstats.github.io/2013/proceedings}
}

@InCollection{Boucke-2008,
  Title                    = {{Characterizing Relations between Architectural Views}},
  Author                   = {Boucké, Nelis and Weyns, Danny and Hilliard, Rich and Holvoet, Tom and Helleboogh, Alexander},
  Booktitle                = {{Software Architecture}},
  Publisher                = {Springer Berlin Heidelberg},
  Year                     = {2008},
  Editor                   = {Morrison, Ron and Balasubramaniam, Dharini and Falkner, Katrina},
  Pages                    = {66-81},
  Series                   = {Lecture Notes in Computer Science},
  Volume                   = {5292},

  Doi                      = {10.1007/978-3-540-88030-1_7},
  ISBN                     = {978-3-540-88029-5},
  Keywords                 = {architectural views; view relations; viewpoint; architectural descriptions; integration of views; consistency; models; IEEEÂ 1471; ISO/IECÂ 42010},
  Language                 = {English},
  Url                      = {http://dx.doi.org/10.1007/978-3-540-88030-1_7}
}

@TechReport{Bourret-1999,
  Title                    = {{Document Definition Markup Language (DDML) Specification}},
  Author                   = {Bourret, Ronald and Cowan, John and Macherius, Ingo and St. Laurent, Simon},
  Institution              = {W3C},
  Year                     = {1999},
  Month                    = {January},
  Note                     = {\url{https://www.w3.org/TR/1999/NOTE-ddml-19990119}},
  Type                     = {{W3C Note}},

  Url                      = {https://www.w3.org/TR/1999/NOTE-ddml-19990119}
}

@TechReport{Bray-1998,
  Title                    = {{Document Content Description for XML}},
  Author                   = {Bray, Tim and Frankston, Charles and Malhotra, Ashok},
  Institution              = {W3C},
  Year                     = {1998},
  Month                    = {July},
  Note                     = {\url{https://www.w3.org/TR/1998/NOTE-dcd-19980731}},
  Type                     = {{W3C Note}},

  Url                      = {https://www.w3.org/TR/1998/NOTE-dcd-19980731}
}

@TechReport{XML2008,
  Title                    = {{Extensible Markup Language (XML) 1.0 (Fifth Edition)}},
  Author                   = {Bray, Tim and Paoli, Jean and Sperberg-McQueen, C. M. and Maler, Eve and Yergeau, François},
  Institution              = {W3C},
  Year                     = {2008},
  Month                    = {November},
  Note                     = {http://www.w3.org/TR/2008/REC-xml-20081126/},
  Type                     = {{W3C Recommendation}},

  Owner                    = {Thomas Bosch},
  Timestamp                = {2015.06.17},
  Url                      = {http://www.w3.org/TR/2008/REC-xml-20081126/}
}

@TechReport{W3C-RDFS-2014,
  Title                    = {{RDF Schema 1.1}},
  Author                   = {Brickley, Dan and Guha, R. V.},
  Institution              = {W3C},
  Year                     = {2014},
  Month                    = {February},
  Note                     = {http://www.w3.org/TR/2014/REC-rdf-schema-20140225/},
  Type                     = {{W3C Recommendation}},

  Url                      = {http://www.w3.org/TR/2014/REC-rdf-schema-20140225/}
}

@TechReport{Brickley-2014,
  Title                    = {{FOAF Vocabulary Specification 0.99}},
  Author                   = {Brickley, Dan and Miller, Libby},
  Year                     = {2014},
  Month                    = {August},
  Note                     = {\url{http://xmlns.com/foaf/spec/20140114.html}},
  Type                     = {{Specification}},

  Url                      = {http://xmlns.com/foaf/spec/20140114.html}
}

@PhdThesis{Brockmans-2007,
  Title                    = {{Metamodel-based Knowledge Representation}},
  Author                   = {Brockmans, Sara},
  School                   = {{Karlsruhe Institute of Technology (KIT)}},
  Year                     = {2007},

  Address                  = {Karlsruhe, Germany},
  Month                    = {July},

  Owner                    = {Thomas Bosch},
  Timestamp                = {2015.06.24}
}

@InCollection{Brockmans-Colomb-2006,
  Title                    = {{A Model Driven Approach for Building OWL DL and OWL Full Ontologies}},
  Author                   = {Brockmans, Saartje and Colomb, RobertM. and Haase, Peter and Kendall, ElisaF. and Wallace, EvanK. and Welty, Chris and Xie, GuoTong},
  Booktitle                = {{The Semantic Web - ISWC 2006}},
  Publisher                = {Springer Berlin Heidelberg},
  Year                     = {2006},
  Editor                   = {Cruz, Isabel and Decker, Stefan and Allemang, Dean and Preist, Chris and Schwabe, Daniel and Mika, Peter and Uschold, Mike and Aroyo, LoraM.},
  Pages                    = {187-200},
  Series                   = {Lecture Notes in Computer Science},
  Volume                   = {4273},

  Doi                      = {10.1007/11926078_14},
  ISBN                     = {978-3-540-49029-6},
  Language                 = {English},
  Url                      = {http://dx.doi.org/10.1007/11926078_14}
}

@TechReport{Brockmans-Haase-2-2006,
  Title                    = {{A Metamodel and UML Profile for Networked Ontologies - A Complete Reference}},
  Author                   = {Brockmans, Saartje and Haase, Peter},
  Institution              = {Universität Karlsruhe (TH)},
  Year                     = {2006},
  Month                    = {April}
}

@TechReport{Brockmans-Haase-3-2006,
  Title                    = {{A Metamodel and UML Profile for Rule-extended OWL DL Ontologies - A Complete Reference}},
  Author                   = {Brockmans, Saartje and Haase, Peter},
  Institution              = {Universität Karlsruhe (TH)},
  Year                     = {2006},
  Month                    = {March}
}

@InCollection{Brockmans-Haase-2006,
  Title                    = {{A Metamodel and UML Profile for Rule-Extended OWL DL Ontologies}},
  Author                   = {Brockmans, Saartje and Haase, Peter and Hitzler, Pascal and Studer, Rudi},
  Booktitle                = {{The Semantic Web: Research and Applications}},
  Publisher                = {Springer Berlin Heidelberg},
  Year                     = {2006},
  Editor                   = {Sure, York and Domingue, John},
  Pages                    = {303-316},
  Series                   = {Lecture Notes in Computer Science},
  Volume                   = {4011},

  Doi                      = {10.1007/11762256_24},
  ISBN                     = {978-3-540-34544-2},
  Language                 = {English},
  Url                      = {http://dx.doi.org/10.1007/11762256_24}
}

@InCollection{Brockmans-Haase-Stuckenschmidt-2006,
  Title                    = {{Formalism-Independent Specification of Ontology Mappings - A Metamodeling Approach}},
  Author                   = {Brockmans, Saartje and Haase, Peter and Stuckenschmidt, Heiner},
  Booktitle                = {{On the Move to Meaningful Internet Systems 2006: CoopIS, DOA, GADA, and ODBASE}},
  Publisher                = {Springer Berlin Heidelberg},
  Year                     = {2006},
  Editor                   = {Meersman, Robert and Tari, Zahir},
  Pages                    = {901-908},
  Series                   = {Lecture Notes in Computer Science},
  Volume                   = {4275},

  Doi                      = {10.1007/11914853_56},
  ISBN                     = {978-3-540-48287-1},
  Language                 = {English},
  Url                      = {http://dx.doi.org/10.1007/11914853_56}
}

@InProceedings{Brockmans-2006,
  Title                    = {{A MOF-based Metamodel and UML Syntax for Networked Ontologies}},
  Author                   = {Brockmans, Saartje and Haase, Peter and Studer, Rudi},
  Booktitle                = {{5th International Semantic Web Conference (ISWC), 2nd International Workshop on Semantic Web Enabled Software Engineering (SWESE)}},
  Year                     = {2006},
  Month                    = {May},

  Keywords                 = {imported ontologies semantic semanticweb}
}

@InCollection{Brockmans-2004,
  Title                    = {{Visual Modeling of OWL DL Ontologies Using UML}},
  Author                   = {Brockmans, Sara and Volz, Raphael and Eberhart, Andreas and Löffler, Peter},
  Booktitle                = {{The Semantic Web - ISWC 2004}},
  Publisher                = {Springer Berlin Heidelberg},
  Year                     = {2004},
  Editor                   = {McIlraith, Sheila A. and Plexousakis, Dimitris and van Harmelen, Frank},
  Pages                    = {198-213},
  Series                   = {Lecture Notes in Computer Science},
  Volume                   = {3298},

  Doi                      = {10.1007/978-3-540-30475-3_15},
  ISBN                     = {978-3-540-23798-3},
  Language                 = {English},
  Url                      = {http://dx.doi.org/10.1007/978-3-540-30475-3_15}
}

@InCollection{de-Bruijn-2007,
  Title                    = {{Logical Foundations of (e)RDF(S): Complexity and Reasoning}},
  Author                   = {de Bruijn, Jos and Heymans, Stijn},
  Booktitle                = {{The Semantic Web}},
  Publisher                = {Springer Berlin Heidelberg},
  Year                     = {2007},
  Editor                   = {Aberer, Karl and Choi, Key-Sun and Noy, Natasha and Allemang, Dean and Lee, Kyung-Il and Nixon, Lyndon and Golbeck, Jennifer and Mika, Peter and Maynard, Diana and Mizoguchi, Riichiro and Schreiber, Guus and Cudré-Mauroux, Philippe},
  Pages                    = {86-99},
  Series                   = {Lecture Notes in Computer Science},
  Volume                   = {4825},

  Doi                      = {10.1007/978-3-540-76298-0_7},
  ISBN                     = {978-3-540-76297-3},
  Language                 = {English},
  Url                      = {http://dx.doi.org/10.1007/978-3-540-76298-0_7}
}

@Book{Budinsky-2003,
  Title                    = {{Eclipse Modeling Framework: A Developer's Guide}},
  Author                   = {Budinsky, F. and Steinberg, David and Merks, Ed and Ellersick, Raymond and Grose, Tomothy J.},
  Publisher                = {{Addison-Wesley Professional}},
  Year                     = {2003},
  Series                   = {{The Eclipse Series}},

  ISBN                     = {9780131425422},
  Lccn                     = {2003052408},
  Owner                    = {Thomas Bosch},
  Timestamp                = {2015.06.24},
  Url                      = {https://books.google.de/books?id=ff-9ZYhvPwwC}
}

@Book{Bussler-2003,
  Title                    = {{B2B Integration: Concepts and Architecture}},
  Author                   = {Bussler, C.},
  Publisher                = {{Springer-Verlag Berlin Heidelberg}},
  Year                     = {2003},

  __markedentry            = {[Thomas Bosch:6]},
  Doi                      = {10.1007/978-3-662-05169-6},
  ISBN                     = {978-3-540-43487-0},
  Lccn                     = {2003050556},
  Url                      = {https://books.google.de/books?id=MM-P0AJe25cC}
}

@Article{Cadoli-1994,
  Title                    = {{The Complexity of Propositional Closed World Reasoning and Circumscription}},
  Author                   = {Cadoli, Marco and Lenzerini, Maurizio},
  Journal                  = {{Journal of Computer and System Sciences}},
  Year                     = {1994},

  Month                    = apr,
  Number                   = {2},
  Pages                    = {255--310},
  Volume                   = {48},

  Acmid                    = {185304},
  Address                  = {Orlando, FL, USA},
  Doi                      = {10.1016/S0022-0000(05)80004-2},
  ISSN                     = {0022-0000},
  Issue_date               = {April 1994},
  Numpages                 = {56},
  Publisher                = {Academic Press, Inc.},
  Url                      = {http://dx.doi.org/10.1016/S0022-0000(05)80004-2}
}

@Article{Calvanese2007,
  Title                    = {{Tractable Reasoning and Efficient Query Answering in Description Logics: The DL-Lite Family}},
  Author                   = {Calvanese, Diego and Giacomo, Giuseppe and Lembo, Domenico and Lenzerini, Maurizio and Rosati, Riccardo},
  Journal                  = {{Journal of Automated Reasoning}},
  Year                     = {2007},

  Month                    = oct,
  Number                   = {3},
  Pages                    = {385--429},
  Volume                   = {39},

  Acmid                    = {1286097},
  Address                  = {Secaucus, NJ, USA},
  Doi                      = {10.1007/s10817-007-9078-x},
  ISSN                     = {0168-7433},
  Issue_date               = {October 2007},
  Keywords                 = {DL-Lite, Description logics, Ontology languages, Query answering},
  Numpages                 = {45},
  Publisher                = {Springer-Verlag New York, Inc.},
  Url                      = {http://dx.doi.org/10.1007/s10817-007-9078-x}
}

@Article{Campbell-2003,
  Title                    = {{XML Schema}},
  Author                   = {Campbell, Charles E. and Eisenberg, Andrew and Melton, Jim},
  Journal                  = {{ACM SIGMOD (Special Interest Group on Management of Data) Record}},
  Year                     = {2003},

  Month                    = jun,
  Note                     = {\url{http://doi.acm.org/10.1145/776985.777002}},
  Number                   = {2},
  Pages                    = {96--101},
  Volume                   = {32},

  Acmid                    = {777002},
  Address                  = {New York, NY, USA},
  Doi                      = {10.1145/776985.777002},
  ISSN                     = {0163-5808},
  Issue_date               = {June 2003},
  Numpages                 = {6},
  Publisher                = {ACM},
  Url                      = {http://doi.acm.org/10.1145/776985.777002}
}

@Article{Ceri-1989,
  Title                    = {{What You Always Wanted to Know About Datalog (And Never Dared to Ask)}},
  Author                   = {Ceri, S. and Gottlob, G. and Tanca, L.},
  Journal                  = {IEEE Transactions on Knowledge and Data Engineering (TKDE)},
  Year                     = {1989},

  Month                    = mar,
  Number                   = {1},
  Pages                    = {146--166},
  Volume                   = {1},

  Acmid                    = {627357},
  Address                  = {Piscataway, NJ, USA},
  Doi                      = {10.1109/69.43410},
  ISSN                     = {1041-4347},
  Issue_date               = {March 1989},
  Keywords                 = {Datalog, database query language, logic programming, optimisation methods, query languages, relational database, relational databases, semantics, syntax},
  Numpages                 = {21},
  Publisher                = {IEEE Educational Activities Department},
  Url                      = {http://dx.doi.org/10.1109/69.43410}
}

@Article{Channin-2010,
  Title                    = {{The caBIG Annotation and Image Markup Project}},
  Author                   = {Channin, D. S. and Mongkolwat, P. and Kleper, V. and Sepukar, K. and Rubin, D. L.},
  Journal                  = {{Journal of Digital Imaging: the Official Journal of the Society for Computer Applications in Radiology}},
  Year                     = {2010},
  Number                   = {2},
  Pages                    = {217-225},
  Volume                   = {23}
}

@TechReport{Clark-RELAX-NG-2001,
  Title                    = {{The Design of RELAX NG}},
  Author                   = {Clark, James},
  Institution              = {Thai Open Source Software Center Ltd},
  Year                     = {2001},
  Note                     = {\url{http://www.thaiopensource.com/relaxng/design.html}},

  Url                      = {http://www.thaiopensource.com/relaxng/design.html}
}

@TechReport{Clark-TREX-2001,
  Title                    = {{TREX - Tree Regular Expressions for XML Language Specification}},
  Author                   = {Clark, James},
  Institution              = {Thai Open Source Software Center Ltd},
  Year                     = {2001},
  Month                    = {February},
  Note                     = {\url{http://thaiopensource.com/trex/spec.html}},
  Type                     = {Specification},

  Url                      = {http://thaiopensource.com/trex/spec.html}
}

@TechReport{ISO-IEC-RELAXNG-2008,
  Title                    = {{ISO/IEC 19757-2:2008 - Information technology -- Document Schema Definition Language (DSDL) -- Part 2: Regular-grammar-based validation -- RELAX NG}},
  Author                   = {Clark, J. and Cowan, J. and Fitzgerald, M. and Kawaguchi, J. and Lubell, J. and Murata, M. and Walsh, N. and Webber, D.},
  Institution              = {International Organization for Standardization (ISO)},
  Year                     = {2008},
  Note                     = {\url{http://www.iso.org/iso/iso_catalogue/catalogue_tc/catalogue_detail.htm?csnumber=52348}},
  Type                     = {{ISO Standard}},

  Url                      = {http://www.iso.org/iso/iso_catalogue/catalogue_tc/catalogue_detail.htm?csnumber=52348}
}

@InProceedings{Kendall-2013,
  Title                    = {{On RDF Validation, Stardog ICV, and Assorted Remarks}},
  Author                   = {Clark, Kendall and Sirin, Evren},
  Booktitle                = {{W3C RDF Validation Workshop. Practical Assurances for Quality RDF Data}},
  Year                     = {2013},

  Address                  = {{Cambridge, MA, USA}},
  Month                    = {September},
  Note                     = {\url{http://www.w3.org/2012/12/rdf-val/}},

  Url                      = {http://www.w3.org/2012/12/rdf-val/}
}

@Book{Clements-2010,
  Title                    = {{Documenting Software Architectures: Views and Beyond}},
  Author                   = {Clements, Paul and Bachmann, Felix and Bass, Len and Garlan, David and Ivers, James and Little, Reed and Merson, Paulo and Stafford, Judith},
  Publisher                = {Addison-Wesley Professional},
  Year                     = {2010},
  Edition                  = {2nd},
  Month                    = {October},

  ISBN                     = {0321552687, 9780321552686}
}

@TechReport{Cotton-2015,
  Title                    = {XKOS - A SKOS Extension for Representing Statistical Classifications},
  Author                   = {Cotton, Franck},
  Institution              = {DDI Alliance},
  Year                     = {2015},
  Type                     = {DDI Alliance Specification}
}

@InProceedings{Cotton-2013,
  Title                    = {XKOS: An SKOS Extension for Statistical Classifications},
  Author                   = {Cotton, Frank and Cyganiak, Richard and Grim, R.T.A.M. and Gillman, Daniel W. and Jaques, Yves and Thomas, Wendy},
  Booktitle                = {Proc. of the 59th World Statistics Congress of the Int. Statistical Institute},
  Year                     = {2013},

  Address                  = {{The Hague, The Netherlands}}
}

@TechReport{DCMI-DCAP-2009,
  Title                    = {{Guidelines for Dublin Core Application Profiles}},
  Author                   = {Coyle, Karen and Baker, Thomas},
  Institution              = {Dublin Core Metadata Initiative (DCMI)},
  Year                     = {2009},
  Month                    = {May},
  Note                     = {\url{http://dublincore.org/documents/2009/05/18/profile-guidelines/}},
  Type                     = {{DCMI Recommended Resource}},

  Url                      = {http://dublincore.org/documents/2009/05/18/profile-guidelines/}
}

@InProceedings{Cyganiak2010,
  Title                    = {Semantic Statistics: Bringing Together SDMX and SCOVO},
  Author                   = {Cyganiak, Richard and Field, Simon and Gregory, Arofan and Halb, Wolfgang and Tennison, Jeni},
  Booktitle                = {Proc. of the Int. World Wide Web Conference, Workshop on Linked Data on the Web},
  Year                     = {2010},
  Editor                   = {Bizer, Christian and Heath, Tom and Berners-Lee, Tim and Hausenblas, Michael}
}

@TechReport{CyganiakReynolds2014,
  Title                    = {The RDF Data Cube Vocabulary},
  Author                   = {Cyganiak,Richard and Reynolds,Dave},
  Institution              = {W3C},
  Year                     = {2014},
  Type                     = {W3C Recommendation}
}

@TechReport{RDF-2014,
  Title                    = {{RDF 1.1 Concepts and Abstract Syntax}},
  Author                   = {Cyganiak, Richard and Wood, David and Lanthaler, Markus},
  Institution              = {W3C},
  Year                     = {2014},
  Month                    = {February},
  Note                     = {\url{http://www.w3.org/TR/2014/REC-rdf11-concepts-20140225/}},
  Type                     = {{W3C Recommendation}},

  Url                      = {http://www.w3.org/TR/2014/REC-rdf11-concepts-20140225/}
}

@TechReport{Cyganiak-2011,
  Title                    = {{Vocabulary of Interlinked Datasets (VoID)}},
  Author                   = {Cyganiak, Richard and Zhao, Jun and Alexander, Keith and Hausenblas, Michael},
  Institution              = {Digital Enterprise Research Institute (DERI)},
  Year                     = {2011},
  Month                    = {March},
  Note                     = {\url{http://vocab.deri.ie/void}},
  Type                     = {{Digital Enterprise Research Institute (DERI) Specification}},

  Url                      = {http://vocab.deri.ie/void}
}

@TechReport{Cyganiak-2010,
  Title                    = {Expressing Statistical Data in RDF with SDMX-RDF},
  Author                   = {{Cyganiak, Richard and Dollin, Chris and Reynolds, Dave}},
  Year                     = {2010}
}

@TechReport{Davidson-1999,
  Title                    = {{Schema for Object-Oriented XML 2.0}},
  Author                   = {Davidson, Andrew and Fuchs, Matthew and Hedin, Mette and Jain, Mudita and Koistinen, Jari and Lloyd, Chris and Maloney, Murray and Schwarzhof, Kelly},
  Institution              = {W3C},
  Year                     = {1999},
  Month                    = {July},
  Note                     = {\url{https://www.w3.org/1999/07/NOTE-SOX-19990730/}},
  Type                     = {{W3C Note}},

  Url                      = {https://www.w3.org/1999/07/NOTE-SOX-19990730/}
}

@TechReport{DDIAlliance-DDI-L-MD-2015,
  Title                    = {{DDI-Lifecycle MD (Model-Driven)}},
  Author                   = {{DDI Alliance}},
  Institution              = {{DDI Alliance}},
  Year                     = {2015},
  Month                    = {March},
  Note                     = {\url{http://www.ddialliance.org/ddi-moving-forward-process-summary}},
  Type                     = {{DDI Alliance Development Draft}},

  Url                      = {\url{http://www.ddialliance.org/ddi-moving-forward-process-summary}}
}

@TechReport{DDIAlliance-DDI-L-2014,
  Title                    = {{Data Documentation Initiative (DDI) Lifecycle 3.2}},
  Author                   = {{DDI Alliance}},
  Institution              = {{DDI Alliance}},
  Year                     = {2014},
  Month                    = {March},
  Note                     = {\url{http://www.ddialliance.org/Specification/DDI-Lifecycle/3.2/}},
  Type                     = {{DDI Alliance Specification}},

  Url                      = {\url{http://www.ddialliance.org/Specification/DDI-Lifecycle/3.2/}}
}

@TechReport{DDIAlliance-DDI-C-2013,
  Title                    = {{Data Documentation Initiative (DDI) Codebook 2.5.1}},
  Author                   = {{DDI Alliance}},
  Institution              = {{DDI Alliance}},
  Year                     = {2013},
  Month                    = {December},
  Note                     = {\url{http://www.ddialliance.org/Specification/DDI-Codebook/2.5/}},
  Type                     = {{DDI Alliance Specification}},

  Url                      = {\url{http://www.ddialliance.org/Specification/DDI-Codebook/2.5/}}
}

@Article{Debray-1988,
  Title                    = {{Denotational and Operational Semantics for Prolog}},
  Author                   = {Debray, Saumya K. and Mishra, Prateek},
  Journal                  = {{Journal of Logic Programming}},
  Year                     = {1988},

  Month                    = mar,
  Note                     = {\url{http://dx.doi.org/10.1016/0743-1066(88)90007-6}},
  Number                   = {1},
  Pages                    = {61--91},
  Volume                   = {5},

  Acmid                    = {49429},
  Address                  = {New York, NY, USA},
  Doi                      = {10.1016/0743-1066(88)90007-6},
  ISSN                     = {0743-1066},
  Issue_date               = {March 1988},
  Numpages                 = {31},
  Publisher                = {Elsevier Science Inc.},
  Url                      = {http://dx.doi.org/10.1016/0743-1066(88)90007-6}
}

@Article{Decker-2000,
  Title                    = {{The Semantic Web: the Roles of XML and RDF}},
  Author                   = {Decker, S. and Melnik, S. and van Harmelen, F. and Fensel, D. and Klein, M. and Broekstra, J. and Erdmann, M. and Horrocks, I.},
  Journal                  = {{Internet Computing, IEEE}},
  Year                     = {2000},

  Month                    = {Sep},
  Number                   = {5},
  Pages                    = {63-73},
  Volume                   = {4},

  Doi                      = {10.1109/4236.877487},
  ISSN                     = {1089-7801},
  Keywords                 = {Internet;data models;distributed programming;hypermedia markup languages;knowledge representation;Ontology Interchange Language;RDF;RDF/RDF schema;Resource Description Framework;Semantic Web;XML;data model;document structure;inference layer;ontology representation languages;ontology representation techniques;semantic interoperability;Animals;Computer networks;IP networks;Mechanical factors;Ontologies;Petroleum;Resource description framework;Search engines;Semantic Web;XML}
}

@InCollection{Dell'Erba-2003,
  Title                    = {{Harmonise: A Solution for Data Interoperability}},
  Author                   = {Dell'Erba, Mirella and Fodor, Oliver and Ricci, Francesco and Werthner, Hannes},
  Booktitle                = {{Towards the Knowledge Society}},
  Publisher                = {Springer US},
  Year                     = {2003},
  Editor                   = {Monteiro, JoÃ£oL. and Swatman, PaulaM.C. and Tavares, LuisValadares},
  Pages                    = {433-445},
  Series                   = {IFIP - The International Federation for Information Processing},
  Volume                   = {105},

  Doi                      = {10.1007/978-0-387-35617-4_28},
  ISBN                     = {978-1-4757-6861-9},
  Keywords                 = {Ontology based mediation; interoperability; tourism domain},
  Language                 = {English},
  Url                      = {http://dx.doi.org/10.1007/978-0-387-35617-4_28}
}

@TechReport{Dodds-2001,
  Title                    = {{Schemarama}},
  Author                   = {Dodds, Leigh},
  Institution              = {O'Reilly Media, Inc.},
  Year                     = {2001},
  Month                    = {February},
  Note                     = {\url{http://www.xml.com/pub/a/2001/02/07/schemarama.html}},

  Url                      = {http://www.xml.com/pub/a/2001/02/07/schemarama.html}
}

@TechReport{DC-2012,
  Title                    = {{Dublin Core Metadata Element Set, Version 1.1}},
  Author                   = {{Dublin Core Metadata Initiative (DCMI)}},
  Institution              = {{Dublin Core Metadata Initiative (DCMI)}},
  Year                     = {2012},
  Month                    = {June},
  Note                     = {http://dublincore.org/documents/2012/06/14/dces/},
  Type                     = {{DCMI Specification}},

  Url                      = {http://dublincore.org/documents/2012/06/14/dces/}
}

@TechReport{DCMI-2012,
  Title                    = {{DCMI Metadata Terms}},
  Author                   = {{Dublin Core Metadata Initiative (DCMI)}},
  Institution              = {{Dublin Core Metadata Initiative (DCMI)}},
  Year                     = {2012},
  Month                    = {June},
  Note                     = {http://dublincore.org/documents/2012/06/14/dcmi-terms/},
  Type                     = {{DCMI Specification}},

  Url                      = {http://dublincore.org/documents/2012/06/14/dcmi-terms/}
}

@TechReport{Duerst-2005,
  Title                    = {{Internationalized Resource Identifiers (IRIs)}},
  Author                   = {{Duerst, M. and Suignard, M.}},
  Institution              = {{Internet Engineering Task Force (IETF)}},
  Year                     = {2005},
  Month                    = {January},
  Note                     = {\url{http://tools.ietf.org/html/rfc3987}},
  Type                     = {{Proposed Standard}}
}

@Article{Dumontier-2014,
  Title                    = {{The Semanticscience Integrated Ontology (SIO) for Biomedical Research and Knowledge Discovery}},
  Author                   = {Dumontier, M. and Baker, C. JB. and Baran, J. and Callahan, A. and Chepelev, L. and Cruz-Toledo, J. and Del Rio, N.R. and Duck, G. and Furlong, L.I. and Keath, N. and Klassen, D. and McCusker, J.P. and Queralt-Rosinach, N. and Samwald, M. and Villanueva-Rosales, N. and Wilkinson, M.D. and Hoehndorf, R.},
  Journal                  = {{Journal of Biomedical Semantics}},
  Year                     = {2014},

  Month                    = {March},
  Number                   = {1},
  Volume                   = {5},

  Doi                      = {10.1186/2041-1480-5-14}
}

@TechReport{Ecma-2013,
  Title                    = {{The JSON Data Interchange Format}},
  Author                   = {{Ecma International}},
  Institution              = {Ecma International},
  Year                     = {2013},
  Month                    = {October},
  Note                     = {\url{http://www.ecma-international.org/publications/files/ECMA-ST/ECMA-404.pdf}},
  Type                     = {{Ecma Standard}},

  Url                      = {http://www.ecma-international.org/publications/files/ECMA-ST/ECMA-404.pdf}
}

@TechReport{XMLSchemaPart0-2004,
  Title                    = {{XML Schema Part 0: Primer Second Edition}},
  Author                   = {Fallside, C, David and Walmsley, Priscilla},
  Institution              = {W3C},
  Year                     = {2004},
  Month                    = {10},
  Note                     = {http://www.w3.org/TR/2004/REC-xmlschema-0-20041028/},
  Type                     = {{W3C Recommendation}},

  Url                      = {http://www.w3.org/TR/2004/REC-xmlschema-0-20041028/}
}

@InCollection{Ferdinand-2004,
  Title                    = {{Lifting XML Schema to OWL}},
  Author                   = {Ferdinand, Matthias and Zirpins, Christian and Trastour, David},
  Booktitle                = {{Web Engineering}},
  Publisher                = {Springer Berlin Heidelberg},
  Year                     = {2004},
  Editor                   = {Koch, Nora and Fraternali, Piero and Wirsing, Martin},
  Pages                    = {354-358},
  Series                   = {{Lecture Notes in Computer Science}},
  Volume                   = {3140},

  Doi                      = {10.1007/978-3-540-27834-4_44},
  ISBN                     = {978-3-540-22511-9},
  Language                 = {English},
  Url                      = {http://dx.doi.org/10.1007/978-3-540-27834-4_44}
}

@InProceedings{Fischer-2015,
  Title                    = {{RDF Constraint Checking}},
  Author                   = {Fischer, Peter M. and Lausen, Georg and Schätzle, Alexander and Schmidt, Michael},
  Booktitle                = {{Proceedings of the Workshops of the EDBT/ICDT 2015 Joint Conference (EDBT/ICDT)}},
  Year                     = {2015},

  Address                  = {{Brussels, Belgium}},
  Month                    = {March},
  Note                     = {\url{http://ceur-ws.org/Vol-1330/}},
  Pages                    = {205--212},
  Volume                   = {1330},

  Url                      = {http://ceur-ws.org/Vol-1330/}
}

@InProceedings{Fokoue-2013,
  Title                    = {{OSLC Resource Shape: A Linked Data Constraint Language}},
  Author                   = {Fokoue, Achille and Ryman, Arthur},
  Booktitle                = {{W3C RDF Validation Workshop. Practical Assurances for Quality RDF Data}},
  Year                     = {2013},

  Address                  = {{Cambridge, MA, USA}},
  Month                    = {September},
  Note                     = {\url{http://www.w3.org/2012/12/rdf-val/}},

  Url                      = {http://www.w3.org/2012/12/rdf-val/}
}

@TechReport{Apache-2015,
  Title                    = {Apache Log4j 2 v. 2.3 User's Guide},
  Author                   = {Apache Software Foundation},
  Year                     = {2015}
}

@Book{Fowler-2010,
  Title                    = {Domain-Specific Languages},
  Author                   = {Fowler, Martin},
  Publisher                = {Pearson Education},
  Year                     = {2010},
  Series                   = {Addison-Wesley Signature Series}
}

@Book{Frankel-2003,
  Title                    = {{Model Driven Architecture: Applying MDA to Enterprise Computing}},
  Author                   = {Frankel, David S.},
  Publisher                = {{John Wiley \& Sons, Inc.}},
  Year                     = {2003},

  Address                  = {New York, NY, USA},

  ISBN                     = {0471319201}
}

@TechReport{Frankston-1998,
  Title                    = {{XML-Data Reduced}},
  Author                   = {Frankston, Charles and Thompson, Henry S.},
  Year                     = {1998},
  Month                    = {July},
  Note                     = {\url{http://www.ltg.ed.ac.uk/~ht/XMLData-Reduced.htm}},

  Url                      = {http://www.ltg.ed.ac.uk/~ht/XMLData-Reduced.htm}
}

@InCollection{Fuerber2010,
  Title                    = {{Using SPARQL and SPIN for Data Quality Management on the Semantic Web}},
  Author                   = {Fürber, Christian and Hepp, Martin},
  Booktitle                = {{Business Information Systems}},
  Publisher                = {{Springer Berlin Heidelberg}},
  Year                     = {2010},
  Editor                   = {Abramowicz, Witold and Tolksdorf, Robert},
  Pages                    = {35--46},
  Series                   = {{Lecture Notes in Business Information Processing}},
  Volume                   = {47},

  Doi                      = {10.1007/978-3-642-12814-1_4},
  ISBN                     = {978-3-642-12813-4},
  Keywords                 = {Semantic Web; Linked Data; Data Quality Management; SPARQL; SPIN; RDF; Ontologies; Ontology-Based Data Quality Management},
  Owner                    = {Thomas},
  Timestamp                = {2014.05.04},
  Url                      = {http://dx.doi.org/10.1007/978-3-642-12814-1_4}
}

@Article{Gallaire-1984,
  Title                    = {{Logic and Databases: A Deductive Approach}},
  Author                   = {Gallaire, Herve and Minker, Jack and Nicolas, Jean-Marie},
  Journal                  = {ACM Computing Surveys (CSUR)},
  Year                     = {1984},

  Month                    = jun,
  Note                     = {\url{http://doi.acm.org/10.1145/356924.356929}},
  Number                   = {2},
  Pages                    = {153--185},
  Volume                   = {16},

  Acmid                    = {356929},
  Address                  = {New York, NY, USA},
  Doi                      = {10.1145/356924.356929},
  ISSN                     = {0360-0300},
  Issue_date               = {June 1984},
  Numpages                 = {33},
  Publisher                = {ACM},
  Url                      = {http://doi.acm.org/10.1145/356924.356929}
}

@TechReport{W3C-RDF-XML-2014,
  Title                    = {{RDF 1.1 XML Syntax}},
  Author                   = {Gandon, Fabien and Schreiber, Guus},
  Institution              = {W3C},
  Year                     = {2014},
  Month                    = {February},
  Note                     = {http://www.w3.org/TR/2014/REC-rdf-syntax-grammar-20140225/},
  Type                     = {{W3C Recommendation}},

  Owner                    = {Thomas},
  Timestamp                = {2014.05.03},
  Utl                      = {http://www.w3.org/TR/2014/REC-rdf-syntax-grammar-20140225/}
}

@InProceedings{Garcia-2006,
  Title                    = {{Ontological Infrastructure for a Semantic Newspaper}},
  Author                   = {García, Roberto and Perdrix, Ferran and Gil, Rosa},
  Booktitle                = {{15th International World Wide Web Conference (WWW), International Workshop on Semantic Web Annotations for Multimedia (SWAMM)}},
  Year                     = {2006}
}

@InProceedings{Gayo-2015,
  Title                    = {{Towards an RDF Validation Language Based on Regular Expression Derivatives}},
  Author                   = {Gayo, {JosÃ© Emilio Labra} and Eric Prud'hommeaux and Iovka Boneva and Slawek Staworko and Solbrig, {Harold R.} and Samuel Hym},
  Booktitle                = {{Proceedings of the Workshops of the EDBT/ICDT 2015 Joint Conference (EDBT/ICDT)}},
  Year                     = {2015},

  Address                  = {{Brussels, Belgium}},
  Month                    = {March},
  Note                     = {\url{http://ceur-ws.org/Vol-1330/}},
  Pages                    = {197--204},
  Volume                   = {1330},

  Url                      = {http://ceur-ws.org/Vol-1330/}
}

@InProceedings{Gayo-2014,
  Title                    = {{Validating and Describing Linked Data Portals using RDF Shape Expressions}},
  Author                   = {Gayo, Jose Emilio Labra and Prud’hommeaux, Eric and Solbrig, Harold R. and Rodríguez, Jose María Álvarez},
  Booktitle                = {{Proceedings of the 1st Workshop on Linked Data Quality (LDQ 2014), 10th International Conference on Semantic Systems (SEMANTiCS 2014)}},
  Year                     = {2014},

  Address                  = {{Leipzig, Germany}},
  Month                    = {September},
  Note                     = {\url{http://ceur-ws.org/Vol-1215/paper-06.pdf}},
  Volume                   = {1215},

  Url                      = {http://ceur-ws.org/Vol-1215/paper-06.pdf}
}

@InProceedings{Gayo-2013,
  Title                    = {{Validating Statistical Index Data Represented in RDF using SPARQL queries}},
  Author                   = {Gayo, Jose Emilio Labra and Rodríguez, Jose M. Álvarez},
  Booktitle                = {{W3C RDF Validation Workshop. Practical Assurances for Quality RDF Data}},
  Year                     = {2013},

  Address                  = {{Cambridge, MA, USA}},
  Month                    = {September},
  Note                     = {\url{http://www.w3.org/2012/12/rdf-val/}},

  Url                      = {http://www.w3.org/2012/12/rdf-val/}
}

@TechReport{Gil-2013,
  Title                    = {{PROV Model Primer}},
  Author                   = {Gil, Yolanda and Miles, Simon},
  Institution              = {W3C},
  Year                     = {2013},
  Month                    = {April},
  Note                     = {\url{http://www.w3.org/TR/2013/NOTE-prov-primer-20130430/}},
  Type                     = {{W3C Working Group Note}},

  Url                      = {http://www.w3.org/TR/2013/NOTE-prov-primer-20130430/}
}

@TechReport{Cotton-Gillman-Jaques-2013,
  Title                    = {eXtended Knowledge Organization System (XKOS)},
  Author                   = {Gillman, Daniel W. and Cotton, Franck and Jaques, Yves},
  Institution              = {United Nations Economic Commission for Europe (UNECE)},
  Year                     = {2013},

  Address                  = {Geneva, Switzerland},
  Type                     = {Work Session on Statistical Metadata}
}

@TechReport{Glimm-2013,
  Title                    = {{SPARQL 1.1 Entailment Regimes}},
  Author                   = {Glimm, Birte and Ogbuji, Chimezie},
  Institution              = {W3C},
  Year                     = {2013},
  Month                    = {March},
  Note                     = {\url{http://www.w3.org/TR/2013/REC-sparql11-entailment-20130321/}},
  Type                     = {{W3C Recommendation}},

  Utl                      = {http://www.w3.org/TR/2013/REC-sparql11-entailment-20130321/}
}

@TechReport{Godby-2015,
  Title                    = {{Common Ground: Exploring Compatibilities Between the Linked Data Models of the Library of Congress and OCLC}},
  Author                   = {{Godby, Carol Jean and Denenberg, Ray}},
  Institution              = {Library of Congress},
  Year                     = {2015},
  Month                    = {January},
  Note                     = {\url{http://www.oclc.org/research/publications/2015/oclcresearch-loc-linked-data-2015.html}},

  Url                      = {http://www.oclc.org/research/publications/2015/oclcresearch-loc-linked-data-2015.html}
}

@Article{Gomez-Perez2001,
  Title                    = {{Evaluation of Ontologies}},
  Author                   = {Gómez-Pérez, Asunción},
  Journal                  = {{International Journal of Intelligent Systems}},
  Year                     = {2001},
  Number                   = {3},
  Pages                    = {391--409},
  Volume                   = {16},

  Abstract                 = {The evaluation of ontologies is an emerging field. At present, there is an absence of a deep core of preliminary ideas and guidelines for evaluating ontologies. This paper presents a brief summary of previous work done on evaluating ontologies and the criteria (consistency, completeness, conciseness, expandability, and sensitiveness) used to evaluate and to assess ontologies. It also addresses the possible types of errors made when domain knowledge is structured in taxonomies in an ontology and in knowledge bases: circularity errors, exhaustive and nonexhaustive class partition errors, redundancy errors, grammatical errors, semantic errors, and incompleteness errors. It also describes the process followed to evaluate the standard-units ontology already published at the Ontology Server. © 2001 John Wiley & Sons, Inc.},
  Doi                      = {10.1002/1098-111X(200103)16:3<391::AID-INT1014>3.0.CO;2-2},
  ISSN                     = {1098-111X},
  Publisher                = {John Wiley \& Sons, Inc.},
  Url                      = {http://dx.doi.org/10.1002/1098-111X(200103)16:3<391::AID-INT1014>3.0.CO;2-2}
}

@TechReport{Java2015,
  Title                    = {{The Java Language Specification - Java SE 8 Edition}},
  Author                   = {Gosling, James and Joy, Bill and Steele, Guy and Bracha, Gilad and Buckley, Alex},
  Institution              = {Oracle},
  Year                     = {2015},
  Month                    = {February},
  Note                     = {https://docs.oracle.com/javase/specs/jls/se8/html/index.html},
  Type                     = {{Oracle Specification}},

  Url                      = {https://docs.oracle.com/javase/specs/jls/se8/html/index.html}
}

@Article{Grenn-2013,
  Title                    = {{Building the DDI}},
  Author                   = {Green, Ann and Humphrey, Chuck},
  Journal                  = {{IASSIST Quarterly}},
  Year                     = {2013},
  Note                     = {\url{http://iassistdata.org/downloads/iqvol371_4_green.pdf}},
  Number                   = {1},
  Pages                    = {36--44},
  Volume                   = {37},

  Issue                    = {1},
  Url                      = {http://iassistdata.org/downloads/iqvol371_4_green.pdf}
}

@TechReport{Gregory-2011,
  Title                    = {{The Data Documentation Initiative (DDI): An Introduction for National Statistical Institutes}},
  Author                   = {{Gregory, Arofan}},
  Institution              = {{Open Data Foundation}},
  Year                     = {2011},
  Month                    = {July},
  Note                     = {\url{http://odaf.org/papers/DDI_Intro_forNSIs.pdf}},

  Url                      = {http://odaf.org/papers/DDI_Intro_forNSIs.pdf}
}

@TechReport{Gregory-2-2011,
  Title                    = {{Open Data and Metadata Standards: Should We Be Satisfied with "Good Enough"?}},
  Author                   = {{Gregory, Arofan}},
  Institution              = {{Open Data Foundation}},
  Year                     = {2011},
  Month                    = {June},
  Note                     = {\url{http://odaf.org/papers/Open Data and Metadata Standards.pdf}},

  Url                      = {http://odaf.org/papers/Open%20Data%20and%20Metadata%20Standards.pdf}
}

@TechReport{Gregory-2007,
  Title                    = {{DDI and SDMX: Complementary, Not Competing, Standards}},
  Author                   = {{Gregory, Arofan and Heus, Pascal}},
  Institution              = {{Open Data Foundation}},
  Year                     = {2007},
  Month                    = {July},
  Note                     = {\url{http://odaf.org/papers/DDI_and_SDMX.pdf}},
  Type                     = {{Open Data Foundation Paper}},

  Url                      = {http://odaf.org/papers/DDI_and_SDMX.pdf}
}

@Book{Gulbransen-2001,
  Title                    = {{Special Edition Using XML Schema}},
  Author                   = {Gulbransen, David},
  Publisher                = {Que Publishing},
  Year                     = {2001},

  Address                  = {Indianapolis, IN, USA},
  Note                     = {\url{http://dl.acm.org/citation.cfm?id=516126}},

  ISBN                     = {0789726076},
  Url                      = {http://dl.acm.org/citation.cfm?id=516126}
}

@InCollection{haarslev2001racer,
  Title                    = {{RACER System Description}},
  Author                   = {Haarslev, Volker and Müller, Ralf},
  Booktitle                = {{Automated Reasoning}},
  Publisher                = {Springer},
  Year                     = {2001},
  Pages                    = {701--705}
}

@InProceedings{Hansen-2015,
  Title                    = {{Validata: An Online Tool for Testing RDF Data Conformance}},
  Author                   = {Hansen, Jacob Baungard and Beveridge, Andrew and Farmer, Roisin and Gehrmann, Leif and Gray, Alasdair J G and Khutan, Sunil and Robertson, Tomas and Val, Johnny},
  Booktitle                = {{Proceedings of the International Conference on Semantic Web Applications and Tools for Life Sciences (SWAT4LS)}},
  Year                     = {2015},

  Address                  = {{Camridge, England}},
  Note                     = {\url{http://www.swat4ls.org/wp-content/uploads/2015/10/SWAT4LS_2015_paper_3.pdf}},

  Url                      = {http://www.swat4ls.org/wp-content/uploads/2015/10/SWAT4LS_2015_paper_3.pdf}
}

@TechReport{W3C-SPARQL1.1-Query-Language-2013,
  Title                    = {SPARQL 1.1 Query Language},
  Author                   = {Harris, Steve and Seaborne, Andy},
  Institution              = {W3C},
  Year                     = {2013},
  Type                     = {W3C Recommendation}
}

@InProceedings{Hartmann-Zapilko-Wackerow-Eckert-2016,
  Title                    = {{Validating RDF Data Quality using Constraints to Direct the Development of Constraint Languages}},
  Author                   = {Hartmann, Thomas and Zapilko, Benjamin and Wackerow, Joachim and Eckert, Kai},
  Booktitle                = {{Proceedings of the 10th International Conference on Semantic Computing (ICSC 2016)}},
  Year                     = {2016},

  Address                  = {Laguna Hills, California, USA},
  Note                     = {\url{http://www.ieee-icsc.com/}},
  Publisher                = {IEEE},

  Location                 = {Laguna Hills, California, USA},
  Url                      = {http://www.ieee-icsc.com/}
}

@Article{BoschZapilkoWackerowEckert2015,
  Title                    = {Constraints to Validate RDF Data Quality on Common Vocabularies in the Social, Behavioral, and Economic Sciences},
  Author                   = {Hartmann, Thomas and Zapilko, Benjamin and Wackerow, Joachim and Eckert, Kai},
  Journal                  = {Computing Research Repository (CoRR)},
  Year                     = {2015},
  Volume                   = {abs/1504.04479}
}

@Article{BoschZapilkoWackerowEckert2015-2,
  Title                    = {Evaluating the Quality of RDF Data Sets on Common Vocabularies in the Social, Behavioral, and Economic Sciences},
  Author                   = {Hartmann, Thomas and Zapilko, Benjamin and Wackerow, Joachim and Eckert, Kai},
  Journal                  = {Computing Research Repository (CoRR)},
  Year                     = {2015},
  Volume                   = {abs/1504.04478}
}

@TechReport{Hausenblas-2012,
  Title                    = {The Statistical Core Vocabulary (SCOVO)},
  Author                   = {Hausenblas, Michael and Ayers, Danny and Feigenbaum, Lee and Heath, Tom and Halb, Wolfgang and Raimond, Yves},
  Institution              = {Digital Enterprise Research Institute (DERI)},
  Year                     = {2012},
  Type                     = {DERI Specification}
}

@InProceedings{Hausenblas-2009,
  Title                    = {SCOVO: Using Statistics on the Web of Data},
  Author                   = {Hausenblas, Michael and Halb, Wolfgang and Raimond, Yves and Feigenbaum, Lee and Ayers, Danny},
  Booktitle                = {Proc. of the 6th European Semantic Web Conf. on The Semantic Web: Research and Applications}
}

@TechReport{W3C-RDF1.1-Semantics-2014,
  Title                    = {{RDF 1.1 Semantics}},
  Author                   = {Hayes, Patrick J. and Patel-Schneider, Peter F.},
  Institution              = {W3C},
  Year                     = {2014},
  Month                    = {February},
  Note                     = {\url{http://www.w3.org/TR/2014/REC-rdf11-mt-20140225/}},
  Type                     = {{W3C Recommendation}},

  Url                      = {\url{http://www.w3.org/TR/2014/REC-rdf11-mt-20140225/}}
}

@Book{Heath-2011,
  Title                    = {{Linked Data: Evolving the Web into a Global Data Space}},
  Author                   = {Heath, Tom and Bizer, Christian},
  Editor                   = {Hendler, James and van Harmelen, Frank},
  Publisher                = {{Morgan \& Claypool}},
  Year                     = {2011},
  Edition                  = {1st},
  Series                   = {{Synthesis Lectures on the Semantic Web: Theory and Technology}},

  Pages                    = {1-136},
  Url                      = {http://linkeddatabook.com/}
}

@Article{Hendler-2002,
  Title                    = {{Integrating Applications on the Semantic Web}},
  Author                   = {Hendler, James and Berners-Lee, Tim and Miller, Eric},
  Journal                  = {{Journal of the Institute of Electrical Engineers of Japan}},
  Year                     = {2002},

  Month                    = {October},
  Note                     = {{https://www.w3.org/2002/07/swint}},
  Number                   = {10},
  Pages                    = {676-680},
  Volume                   = {122},

  Url                      = {https://www.w3.org/2002/07/swint}
}

@InProceedings{Hilliard-2001,
  Title                    = {{“Don’t Ask, Don’t Tell” Inference: Architectural Views and their Interfaces}},
  Author                   = {Hilliard, Rich},
  Booktitle                = {{Proceedings of the 2nd International Workshop on Living with Inconsistency}},
  Year                     = {2001},

  Address                  = {{Toronto, Canada }},
  Month                    = {March},
  Note                     = {\url{http://web.mit.edu/richh/www/writings/hilliard01c-dont-ask-dont-tell.pdf}},

  Url                      = {http://web.mit.edu/richh/www/writings/hilliard01c-dont-ask-dont-tell.pdf}
}

@InProceedings{Hilliard-2000,
  Title                    = {{Views as Modules}},
  Author                   = {Hilliard, Rich},
  Booktitle                = {{Proceedings of the 4th International Software Architecture Workshop (ISAW-4)}},
  Year                     = {2000},

  Address                  = {{Limerick, Ireland}},
  Month                    = {June},
  Note                     = {\url{http://www.cs.huji.ac.il/~wyaron/papers/ISAW_page136.pdf}},

  Url                      = {http://www.cs.huji.ac.il/~wyaron/papers/ISAW_page136.pdf}
}

@InProceedings{Hilliard-1999,
  Title                    = {{Views and Viewpoints in Software Systems Architecture}},
  Author                   = {Hilliard, Rich},
  Booktitle                = {{Proceedings of the 1st Working IFIP Conference on Software Architecture}},
  Year                     = {1999},

  Address                  = {{San Antonio, TX, USA}},
  Month                    = {February},
  Note                     = {\url{http://web.mit.edu/richh/www/writings/hilliard99-ifip.pdf}},

  Url                      = {http://web.mit.edu/richh/www/writings/hilliard99-ifip.pdf}
}

@InProceedings{Hilliard-1999-2,
  Title                    = {{Views as Modules}},
  Author                   = {Hilliard, Rich},
  Booktitle                = {{Proceedings of the 1th Workshop on Multi-Dimensional Separation of Concerns in Object-Oriented Systems, Object-oriented Programming, Systems, Languages, and Applications (OOPSLA)}},
  Year                     = {1999},

  Address                  = {{Denver, Colorado, USA}},
  Month                    = {November},
  Note                     = {\url{http://www.cs.ubc.ca/~murphy/multid-workshop-oopsla99/position-papers/ws08-hilliard.pdf}},

  Url                      = {http://www.cs.ubc.ca/~murphy/multid-workshop-oopsla99/position-papers/ws08-hilliard.pdf}
}

@InProceedings{Hilliard-1996,
  Title                    = {{Representing Software Systems Architectures}},
  Author                   = {Hilliard, Rich},
  Booktitle                = {Joint Proceedings of the 2nd International Software Architecture Workshop (ISAW-2) and International Workshop on Multiple Perspectives in Software Development (Viewpoints '96) on SIGSOFT '96 Workshops},
  Year                     = {1996},

  Address                  = {New York, NY, USA},
  Pages                    = {31--34},
  Publisher                = {ACM},
  Series                   = {ISAW '96},

  Acmid                    = {243343},
  Doi                      = {10.1145/243327.243343},
  ISBN                     = {0-89791-867-3},
  Location                 = {San Francisco, California, USA},
  Numpages                 = {4},
  Url                      = {http://doi.acm.org/10.1145/243327.243343}
}

@InProceedings{Hillmann2007,
  Title                    = {{Application Profiles: Exposing and Enforcing Metadata Quality}},
  Author                   = {Hillmann, Diane I. and Phipps, Jon},
  Booktitle                = {{Proceedings of the 2007 International Conference on Dublin Core and Metadata Applications}},
  Year                     = {2007},
  Pages                    = {53--62},
  Publisher                = {{Dublin Core Metadata Initiative}},
  Series                   = {DCMI '07},

  Acmid                    = {1344601},
  ISBN                     = {9789810587963, 9810587961},
  Keywords                 = {machine-readable application profiles, metadata quality, metadata validation},
  Location                 = {Singapore},
  Numpages                 = {10},
  Owner                    = {Thomas},
  Timestamp                = {2014.05.04},
  Url                      = {http://dl.acm.org/citation.cfm?id=1344591.1344601}
}

@TechReport{W3C-OWL2-Primer-2012,
  Title                    = {{OWL 2 Web Ontology Language Primer (Second Edition)}},
  Author                   = {Hitzler, Pascal and Krötzsch, Markus and Parsia, Bijan and Patel-Schneider, Peter F. and Rudolph, Sebastian},
  Institution              = {W3C},
  Year                     = {2012},
  Month                    = {December},
  Note                     = {\url{http://www.w3.org/TR/2012/REC-owl2-primer-20121211/}},
  Type                     = {{W3C Recommendation}},

  Url                      = {http://www.w3.org/TR/2012/REC-owl2-primer-20121211/}
}

@TechReport{W3C-OWL2-Manchester-Syntax-2012,
  Title                    = {{OWL 2 Web Ontology Language Manchester Syntax (Second Edition)}},
  Author                   = {Horridge, Matthew and Patel-Schneider, Peter F.},
  Institution              = {W3C},
  Year                     = {2012},
  Month                    = {December},
  Note                     = {http://www.w3.org/TR/2012/NOTE-owl2-manchester-syntax-20121211/},
  Type                     = {{W3C Working Group Note}},

  Owner                    = {Thomas},
  Timestamp                = {2014.05.03},
  Utl                      = {http://www.w3.org/TR/2012/NOTE-owl2-manchester-syntax-20121211/}
}

@InProceedings{horrocks2012hermit,
  Title                    = {{The HermiT OWL Reasoner}},
  Author                   = {Horrocks, Ian and Motik, Boris and Wang, Zhe},
  Booktitle                = {{Proceedings of the 1st International Workshop on OWL Reasoner Evaluation (ORE 2012)}},
  Year                     = {2012},

  Address                  = {{Manchester, UK}}
}

@TechReport{Horrocks04,
  Title                    = {{SWRL: A Semantic Web Rule Language Combining OWL and RuleML}},
  Author                   = {Horrocks, Ian and Patel-Schneider, Peter F. and Boley, Harold and Tabet, Said and Grosof, Benjamin and Dean, Mike},
  Institution              = {W3C},
  Year                     = {2004},
  Note                     = {\url{http://www.w3.org/Submission/2004/SUBM-SWRL-20040521/}},
  Type                     = {{W3C Member Submission}},

  Added-at                 = {2007-11-11T03:34:38.000+0100},
  Biburl                   = {http://www.bibsonomy.org/bibtex/22d8131417d62c9d8744532fe92c439f4/aljsanchez},
  HowPublished             = {W3C Member Submission},
  Interhash                = {c87a1f9b5260aab22991c1f5fbf080e4},
  Intrahash                = {2d8131417d62c9d8744532fe92c439f4},
  Keywords                 = {description logic rule semantic},
  Timestamp                = {2007-11-11T03:34:38.000+0100},
  Url                      = {http://www.w3.org/Submission/2004/SUBM-SWRL-20040521/}
}

@Article{Hosoya-2003,
  Title                    = {{XDuce: A Statically Typed XML Processing Language}},
  Author                   = {Hosoya, Haruo and Pierce, Benjamin C.},
  Journal                  = {{ACM Transactions on Internet Technology (TOIT)}},
  Year                     = {2003},

  Month                    = may,
  Note                     = {\url{http://doi.acm.org/10.1145/767193.767195}},
  Number                   = {2},
  Pages                    = {117--148},
  Volume                   = {3},

  Acmid                    = {767195},
  Address                  = {New York, NY, USA},
  Doi                      = {10.1145/767193.767195},
  ISSN                     = {1533-5399},
  Issue_date               = {May 2003},
  Keywords                 = {Type systems, XML, subtyping, tree automata},
  Numpages                 = {32},
  Publisher                = {ACM},
  Url                      = {http://doi.acm.org/10.1145/767193.767195}
}

@InProceedings{Hosoya-2000,
  Title                    = {{XDuce: A Typed XML Processing Language}},
  Author                   = {Hosoya, Haruo and Pierce, Benjamin C.},
  Booktitle                = {{Proceedings of the 3rd International Workshop on the Web and Databases (WebDB 2000)}},
  Year                     = {2000},
  Note                     = {\url{http://dblp.uni-trier.de/db/conf/webdb/webdb2000.html}},
  Pages                    = {111--116},

  Bibsource                = {dblp computer science bibliography, http://dblp.org},
  Biburl                   = {http://dblp.uni-trier.de/rec/bib/conf/webdb/HosoyaP00},
  Timestamp                = {Thu, 03 Jan 2002 12:11:14 +0100},
  Url                      = {http://dblp.uni-trier.de/db/conf/webdb/webdb2000.html}
}

@InProceedings{Huang-2011,
  Title                    = {{Datalog and Emerging Applications: An Interactive Tutorial}},
  Author                   = {Huang, Shan Shan and Green, Todd Jeffrey and Loo, Boon Thau},
  Booktitle                = {{Proceedings of the 2011 ACM SIGMOD/PODS Conference (SIGMOD 2011)}},
  Year                     = {2011},

  Address                  = {New York, NY, USA},
  Note                     = {\url{http://doi.acm.org/10.1145/1989323.1989456}},
  Pages                    = {1213--1216},
  Publisher                = {ACM},

  Doi                      = {10.1145/1989323.1989456},
  Location                 = {Athens, Greece},
  Url                      = {http://doi.acm.org/10.1145/1989323.1989456}
}

@Book{Hull-2011,
  Title                    = {{Requirements Engineering}},
  Author                   = {Hull, Elizabeth and Jackson, Ken and Dick, Jeremy},
  Publisher                = {{Springer-Verlag London}},
  Year                     = {2011},
  Edition                  = {3},
  Note                     = {\url{http://link.springer.com/book/10.1007\%2F978-1-84996-405-0}},

  Doi                      = {10.1007/978-1-84996-405-0},
  ISBN                     = {978-1-84996-404-3},
  Url                      = {http://link.springer.com/book/10.1007\%2F978-1-84996-405-0}
}

@TechReport{Isaac-2009,
  Title                    = {SKOS Simple Knowledge Organization System Primer},
  Author                   = {Isaac, Antoine and Summers, Ed},
  Institution              = {W3C},
  Year                     = {2009},
  Type                     = {W3C Working Group Note}
}

@TechReport{ISO-2014,
  Title                    = {{ISO 19115-1:2014 - Geographic information -- Metadata -- Part 1: Fundamentals}},
  Author                   = {{ISO}},
  Institution              = {ISO},
  Year                     = {2014},
  Month                    = {April},
  Note                     = {\url{http://www.iso.org/iso/catalogue_detail.htm?csnumber=53798}},
  Type                     = {{ISO Standard}},

  Url                      = {http://www.iso.org/iso/catalogue_detail.htm?csnumber=53798}
}

@TechReport{ISO-2013,
  Title                    = {{ISO 17369:2013 - Statistical Data and Metadata eXchange (SDMX)}},
  Author                   = {{ISO}},
  Institution              = {ISO},
  Year                     = {2013},
  Month                    = {January},
  Note                     = {\url{http://www.iso.org/iso/catalogue_detail.htm?csnumber=52500}},
  Type                     = {{ISO Standard}},

  Url                      = {http://www.iso.org/iso/catalogue_detail.htm?csnumber=52500}
}

@TechReport{ISO-1986,
  Title                    = {{ISO 8879:1986 - Information Processing -- Text and Office Systems -- Standard Generalized Markup Language (SGML)}},
  Author                   = {{ISO}},
  Institution              = {ISO},
  Year                     = {1986},
  Month                    = {October},
  Note                     = {\url{http://www.iso.org/iso/catalogue_detail.htm?csnumber=16387}},
  Type                     = {{ISO Standard}},

  Url                      = {http://www.iso.org/iso/catalogue_detail.htm?csnumber=16387}
}

@TechReport{ISO/IEC-2006,
  Title                    = {{ISO/IEC 19757-3:2006 - Information Technology — Document Schema Definition Languages (DSDL) - Part 3: Rule-Based Validation - Schematron}},
  Author                   = {{ISO/IEC}},
  Institution              = {ISO/IEC},
  Year                     = {2006},
  Month                    = {June},
  Note                     = {\url{http://standards.iso.org/ittf/PubliclyAvailableStandards/c040833_ISO_IEC_19757-3_2006(E).zip}},
  Type                     = {{ISO/IEC Standard}}
}

@TechReport{ISO/IEC-19757-1:2004,
  Title                    = {{ISO/IEC 19757-1:2004 - Information Technology - Document Schema Definition Languages (DSDL) – Part 1: Overview}},
  Author                   = {{ISO/IEC}},
  Institution              = {ISO/IEC},
  Year                     = {2004},
  Month                    = {November},
  Type                     = {{ISO/IEC Standard}}
}

@TechReport{ISO/IEC-2004,
  Title                    = {{ISO/IEC 11179-1:2004(E) - ISO/IEC 11179, Information Technology -- Metadata registries (MDR)}},
  Author                   = {{ISO/IEC}},
  Institution              = {ISO/IEC},
  Year                     = {2004},
  Month                    = {September},
  Note                     = {\url{http://metadata-standards.org/11179/}},
  Type                     = {{ISO/IEC Standard}},

  Url                      = {http://metadata-standards.org/11179/}
}

@TechReport{ISO/IEC-Relax-2002,
  Title                    = {{ISO/IEC TR 22250-1:2002 - Information Technology -- Document Description and Processing Languages -- Regular Language Description for XML (RELAX) -- Part 1: RELAX Core}},
  Author                   = {{ISO/IEC}},
  Institution              = {ISO/IEC},
  Year                     = {2002},
  Month                    = {February},
  Note                     = {\url{http://www.iso.org/iso/iso_catalogue/catalogue_tc/catalogue_detail.htm?csnumber=34922}},
  Type                     = {{ISO/IEC Standard}}
}

@TechReport{ISO/IEC-Z-2002,
  Title                    = {{ISO/IEC 13568:2002 - Information Technology - Z Formal Specification Notation - Syntax, Type System and Semantics}},
  Author                   = {{ISO/IEC}},
  Institution              = {ISO/IEC},
  Year                     = {2002},
  Month                    = {July},
  Note                     = {\url{http://standards.iso.org/ittf/PubliclyAvailableStandards/c021573_ISO_IEC_13568_2002(E).zip}},
  Type                     = {{ISO/IEC Standard}}
}

@Article{Jacobs-2004,
  Title                    = {{Preserving Research Data}},
  Author                   = {Jacobs, James A. and Humphrey, Charles},
  Journal                  = {{Communications of the ACM}},
  Year                     = {2004},

  Month                    = {September},
  Note                     = {\url{http://doi.acm.org/10.1145/1015864.1015881}},
  Number                   = {9},
  Pages                    = {27--29},
  Volume                   = {47},

  Acmid                    = {1015881},
  Address                  = {New York, NY, USA},
  Doi                      = {10.1145/1015864.1015881},
  ISSN                     = {0001-0782},
  Issue_date               = {September 2004},
  Numpages                 = {3},
  Publisher                = {ACM},
  Url                      = {http://doi.acm.org/10.1145/1015864.1015881}
}

@InProceedings{Jain-2010,
  Title                    = {{Linked Data Is Merely More Data}},
  Author                   = {Jain, Prateek and Hitzler, Pascal and Yeh, Peter Z. and Verma, Kunal and Sheth, Amit P.},
  Booktitle                = {{AAAI Spring Symposium: Linked Data Meets Artificial Intelligence}},
  Year                     = {2010},
  Month                    = {March},
  Publisher                = {AAAI}
}

@Article{Bohr-2006-1,
  Title                    = {{Microdata Information System – MISSY}},
  Author                   = {Janßen, Andrea and Bohr, Jeanette},
  Journal                  = {{IASSIST Quarterly}},
  Year                     = {2006},
  Note                     = {\url{http://www.iassistdata.org/sites/default/files/iq/iqvol302bohr.pdf}},
  Number                   = {2},
  Pages                    = {5--11},
  Volume                   = {30},

  Issue                    = {2},
  Url                      = {http://www.iassistdata.org/sites/default/files/iq/iqvol302bohr.pdf}
}

@TechReport{Jelliffe-2002,
  Title                    = {{Resource Directory (RDDL) for Hook 0.2 - A One-Element Language for Validation of XML Documents based on Partial Order}},
  Author                   = {Jelliffe, Rick},
  Institution              = {Academia Sinica Computing Centre},
  Year                     = {2002},
  Month                    = {February},
  Note                     = {\url{http://xml.ascc.net/hook/}},
  Type                     = {{Specification}},

  Url                      = {http://xml.ascc.net/hook/}
}

@InProceedings{Jelliffe-2001,
  Title                    = {{The Current State of the Art of Schema Languages for XML}},
  Author                   = {Jelliffe, Rick},
  Booktitle                = {{Proceedings of the OASIS Open Standards XML Asia Pacific Conference}},
  Year                     = {2001},

  Address                  = {{Sydney, Australia}},
  Note                     = {\url{http://chinese-school.netfirms.com/articles/RickJelliffe.pdf}},

  Url                      = {http://chinese-school.netfirms.com/articles/RickJelliffe.pdf}
}

@TechReport{OSLC-2013,
  Title                    = {{Open Services for Lifecycle Collaboration Core Specification Version 2.0}},
  Author                   = {Johnson, Dave and Speicher, Steve},
  Institution              = {Open Services for Lifecycle Collaboration (OSLC)},
  Year                     = {2013},
  Month                    = {May},
  Note                     = {\url{http://open-services.net/bin/view/Main/OslcCoreSpecification}},
  Type                     = {{OSLC Specification}}
}

@InProceedings{Kaukonen-2015,
  Title                    = {{Implementing the GSIM Statistical Classification Model – the Finnish Way}},
  Author                   = {Kaukonen, Essi and Leino, Jennika},
  Booktitle                = {{Proceedings of the Workshop on International Collaboration for Standards-Based Modernisation, United Nations Economic Commission for Europe Conference of European Statisticians}},
  Year                     = {2015},

  Address                  = {{Geneva, Switzerland}},
  Month                    = {May},
  Note                     = {\url{http://www1.unece.org/stat/platform/display/WICSBM/Geneva\%2C+5-7+May+2015}},

  Url                      = {http://www1.unece.org/stat/platform/display/WICSBM/Geneva\%2C+5-7+May+2015}
}

@InCollection{Kauppinen-2013,
  Title                    = {{Linked Science: Interconnecting Scientific Assets}},
  Author                   = {Kauppinen, Tomi and Baglatzi, Alkyoni and Ke\ss{}ler, Carsten},
  Booktitle                = {{Data Intensive Science}},
  Publisher                = {{CRC Press}},
  Year                     = {2013},

  Address                  = {USA},
  Editor                   = {Critchlow, Terence and {Kleese-Van Dam}, Kerstin},

  Bdsk-url-1               = {http://linkedscience.org/wp-content/uploads/2012/02/linked-science-bookchapter-revised-2011-11-16.pdf},
  Keywords                 = {Linked Science; The Brazilian Amazon Rainforest; Open Science; Linked Data; Environmental Studies; eResearch}
}

@TechReport{XSLT2007,
  Title                    = {{XSL Transformations (XSLT) Version 2.0}},
  Author                   = {Kay, Michael},
  Institution              = {W3C},
  Year                     = {2007},
  Month                    = {January},
  Note                     = {http://www.w3.org/TR/2007/REC-xslt20-20070123/},
  Type                     = {{W3C} Recommendation},

  Url                      = {http://www.w3.org/TR/2007/REC-xslt20-20070123/}
}

@InCollection{Kifer-2005,
  Title                    = {{Rules and Ontologies in F-Logic}},
  Author                   = {Kifer, Michael},
  Booktitle                = {{Reasoning Web}},
  Publisher                = {Springer Berlin Heidelberg},
  Year                     = {2005},
  Editor                   = {Eisinger, Norbert and Ma{\l}uszyński, Jan},
  Pages                    = {22-34},
  Series                   = {Lecture Notes in Computer Science},
  Volume                   = {3564},

  Doi                      = {10.1007/11526988_2},
  ISBN                     = {978-3-540-27828-3},
  Language                 = {English},
  Url                      = {http://dx.doi.org/10.1007/11526988_2}
}

@Article{Kifer-1995,
  Title                    = {{Logical Foundations of Object-Oriented and Frame-Based Languages}},
  Author                   = {Kifer, Michael and Lausen, Georg and Wu, James},
  Journal                  = {{Journal of the ACM}},
  Year                     = {1995},

  Month                    = jul,
  Number                   = {4},
  Pages                    = {741--843},
  Volume                   = {42},

  Acmid                    = {210335},
  Address                  = {New York, NY, USA},
  Doi                      = {10.1145/210332.210335},
  ISSN                     = {0004-5411},
  Issue_date               = {July 1995},
  Keywords                 = {deductive databases, frame-based languages, logic programming, nonmonotonic inheritance, object-oriented programming, proof theory, semantics, typing},
  Numpages                 = {103},
  Publisher                = {ACM},
  Url                      = {http://doi.acm.org/10.1145/210332.210335}
}

@InProceedings{Klarlund-2000,
  Title                    = {{DSD: A Schema Language for XML}},
  Author                   = {Klarlund, Nils and M{\o}ller, Anders and Schwartzbach, Michael I.},
  Booktitle                = {{Proceedings of the 3rd Workshop on Formal Methods in Software Practice}},
  Year                     = {2000},

  Address                  = {New York, NY, USA},
  Pages                    = {101--111},
  Publisher                = {ACM},

  Acmid                    = {351158},
  Doi                      = {10.1145/349360.351158},
  ISBN                     = {1-58113-262-X},
  Location                 = {Portland, Oregon, USA},
  Numpages                 = {11},
  Url                      = {http://doi.acm.org/10.1145/349360.351158}
}

@InProceedings{Klein-2002,
  Title                    = {{Interpreting XML Documents via an RDF Schema Ontology}},
  Author                   = {Klein, M.},
  Booktitle                = {{Proceedings of the 13th International Workshop on Database and Expert Systems Applications}},
  Year                     = {2002},
  Pages                    = {889--893},
  Publisher                = {IEEE}
}

@InCollection{Klein-2003,
  Title                    = {{Ontologies and Schema Languages on the Web}},
  Author                   = {Klein, M. and Broekstra, D. and Fensel, F. and van Harmelen, Frank and Horrocks, I.},
  Booktitle                = {{Spinning the Semantic Web - Bringing the World Wide Web to its Full Potential}},
  Publisher                = {The MIT Press, Cambridge, Massachusetts},
  Year                     = {2003},
  Editor                   = {Fensel, Dieter and Hendler, James A. and Lieberman, Henry and Wahlster, Wolfgang},
  Pages                    = {901-908},
  Series                   = {Lecture Notes in Computer Science},
  Volume                   = {4275},

  Doi                      = {10.1007/11914853_56},
  ISBN                     = {978-3-540-48287-1},
  Language                 = {English},
  Url                      = {http://dx.doi.org/10.1007/11914853_56}
}

@TechReport{Knublauch-2011,
  Title                    = {{SPIN - SPARQL Syntax}},
  Author                   = {Knublauch, Holger},
  Institution              = {W3C},
  Year                     = {2011},
  Month                    = {February},
  Note                     = {\url{http://www.w3.org/Submission/2011/SUBM-spin-sparql-20110222/}},
  Type                     = {{W3C Member Submission}},

  Utl                      = {\url{http://www.w3.org/Submission/2011/SUBM-spin-sparql-20110222/}}
}

@TechReport{Knublauch-2011-2,
  Title                    = {SPIN - Modeling Vocabulary},
  Author                   = {Knublauch, Holger},
  Institution              = {W3C},
  Year                     = {2011},
  Type                     = {W3C Member Submission}
}

@TechReport{Knublauch-2009,
  Title                    = {{The SPIN Standard Modules Library}},
  Author                   = {Knublauch, Holger},
  Institution              = {TopQuadrant},
  Year                     = {2009},
  Month                    = {October},
  Note                     = {\url{http://spinrdf.org/spl.html}},

  Url                      = {\url{http://spinrdf.org/spl.html}}
}

@TechReport{W3C-SPIN-2011,
  Title                    = {{SPIN - Overview and Motivation}},
  Author                   = {Knublauch, Holger and Hendler, James A. and Idehen, Kingsley},
  Institution              = {W3C},
  Year                     = {2011},
  Month                    = {February},
  Note                     = {\url{http://www.w3.org/Submission/2011/SUBM-spin-overview-20110222/}},
  Type                     = {{W3C Member Submission}},

  Utl                      = {\url{http://www.w3.org/Submission/2011/SUBM-spin-overview-20110222/}}
}

@TechReport{Knublauch-2015,
  Title                    = {{Shapes Constraint Language (SHACL)}},
  Author                   = {Knublauch, Holger and Ryman, Arthur},
  Institution              = {W3C},
  Year                     = {2015},
  Month                    = {October},
  Note                     = {http://www.w3.org/TR/2015/WD-shacl-20151008/},
  Type                     = {{W3C First Public Working Draft}},

  Utl                      = {http://www.w3.org/TR/2015/WD-shacl-20151008/}
}

@TechReport{W3C-SHACL-2015,
  Title                    = {{Shapes Constraint Language (SHACL)}},
  Author                   = {Knublauch, Holger and Ryman, Arthur},
  Institution              = {W3C},
  Year                     = {2015},
  Month                    = {November},
  Note                     = {http://w3c.github.io/data-shapes/shacl/},
  Type                     = {{W3C Editor's Draft}},

  Utl                      = {http://w3c.github.io/data-shapes/shacl/}
}

@InProceedings{Kobeissy-2007,
  Title                    = {{Mapping XML to OWL for Seamless Information Retrieval in Context-Aware Environments}},
  Author                   = {Kobeissy, Nassim and Zeghlache, Djamal and Genet, Marc Girod},
  Booktitle                = {{International Conference on Pervasive Services}},
  Year                     = {2007},

  Address                  = {{Istanbul, Turkey}},
  Month                    = {July},
  Pages                    = {361--366},
  Publisher                = {IEEE}
}

@InProceedings{kontchakov2011combined,
  Title                    = {{The Combined Approach to Ontology-Based Data Access}},
  Author                   = {Kontchakov, Rinnan and Lutz, Carsten and Toman, David and Wolter, Frank and Zakharyaschev, Michael},
  Booktitle                = {{Proceedings of the 22th International Joint Conference on Artificial Intelligence}},
  Year                     = {2011},
  Pages                    = {2656--2661},
  Publisher                = {AAAI Press},
  Volume                   = {3}
}

@InProceedings{Kontokostas2014,
  Title                    = {{Test-driven Evaluation of Linked Data Quality}},
  Author                   = {Kontokostas, Dimitris and Westphal, Patrick and Auer, S\"{o}ren and Hellmann, Sebastian and Lehmann, Jens and Cornelissen, Roland and Zaveri, Amrapali},
  Booktitle                = {{Proceedings of the 23rd International World Wide Web Conference (WWW 2014)}},
  Year                     = {2014},

  Address                  = {{Republic and Canton of Geneva, Switzerland}},
  Pages                    = {747--758},
  Publisher                = {International World Wide Web Conferences Steering Committee},
  Series                   = {WWW '14},

  Acmid                    = {2568002},
  Doi                      = {10.1145/2566486.2568002},
  ISBN                     = {978-1-4503-2744-2},
  Keywords                 = {data quality, dbpedia, linked data},
  Location                 = {Seoul, Korea},
  Numpages                 = {12},
  Owner                    = {Thomas},
  Timestamp                = {2014.05.01},
  Url                      = {http://dx.doi.org/10.1145/2566486.2568002}
}

@InCollection{Kroetzsch2012,
  Title                    = {{A Description Logic Primer}},
  Author                   = {Markus Kr{\"{o}}tzsch and Franti{\v{s}}ek Siman{\v{c}}{\'{\i}}k and Ian Horrocks},
  Booktitle                = {{Perspectives on Ontology Learning}},
  Publisher                = {{IOS Press}},
  Year                     = {2012},
  Editor                   = {Lehmann, Jens and V{\"{o}}lker, Johanna}
}

@Article{Kramer-2012,
  Title                    = {{Using RDF to Describe and Link Social Science Data to Related Resources on the Web: Leveraging the Data Documentation Initiative (DDI) Model}},
  Author                   = {Kramer, Stefan and Leahey, Amber and Southall, Humphrey and Vompras, Johanna and Wackerow, Joachim},
  Journal                  = {{DDI Working Paper Series – Semantic Web, No. 1}},
  Year                     = {2012},
  Note                     = {\url{http://www.ddialliance.org/sites/default/files/UsingRDFToDescribeAndLinkSocialScienceDataToRelatedResourcesOnTheWeb.pdf}},

  ISSN                     = {2153-8247},
  Url                      = {http://www.ddialliance.org/sites/default/files/UsingRDFToDescribeAndLinkSocialScienceDataToRelatedResourcesOnTheWeb.pdf}
}

@TechReport{Kramer-2009,
  Title                    = {{Data Documentation Initiative (DDI): Entwicklung eines Metadatenstandards für Forschungsdaten in den Sozialwissenschaften}},
  Author                   = {Kramer, Stefan and Oechtering, Anne and Wackerow, Joachim},
  Institution              = {{Kompetenzzentrum Interoperable Metadaten and DINI-Arbeitsgruppe Internationale Standardisierung in der digitalen Informationsbeschaffung (AG Standards)}},
  Year                     = {2009},
  Month                    = {September},
  Type                     = {{KIM-Technology Watch Report}},

  Owner                    = {Thomas Bosch},
  Timestamp                = {2014.11.08}
}

@Article{Kroeger-2013,
  Title                    = {{The Road to BIBFRAME: The Evolution of the Idea of Bibliographic Transition into a Post-MARC Future}},
  Author                   = {Kroeger, Angela},
  Journal                  = {{Cataloging \& Classification Quarterly}},
  Year                     = {2013},
  Number                   = {8},
  Pages                    = {873-890},
  Volume                   = {51},

  Doi                      = {10.1080/01639374.2013.823584},
  Eprint                   = { 
 http://dx.doi.org/10.1080/01639374.2013.823584
 
},
  Url                      = { 
 http://dx.doi.org/10.1080/01639374.2013.823584
 
}
}

@InProceedings{Kupfer2007,
  Title                    = {{Methods for a Synchronised Evolution of Databases and Associated Ontologies}},
  Author                   = {Kupfer, Andreas and Eckstein, Silke and Störmann, Britta and Neumann, Karl and Mathiak, Brigitte},
  Booktitle                = {{Proceedings of the 2007 Conference on Databases and Information Systems IV}},
  Year                     = {2007}
}

@TechReport{Lalor-2013,
  Title                    = {{Generic Statistical Information Model (GSIM) Specification - Version 1.1}},
  Author                   = {Lalor, Thérèse},
  Institution              = {United Nations Economic Commission for Europe (UNECE)},
  Year                     = {2013},
  Month                    = {December},
  Note                     = {\url{http://www1.unece.org/stat/platform/display/gsim/GSIM+Specification}},
  Type                     = {{United Nations Economic Commission for Europe (UNECE) Specification}},

  Url                      = {http://www1.unece.org/stat/platform/display/gsim/GSIM+Specification}
}

@TechReport{Lalor-2013-2,
  Title                    = {{Generic Statistical Information Model (GSIM): Communication Paper for a General Statistical Audience (Version 1.1, December 2013)}},
  Author                   = {Lalor, Thérèse},
  Institution              = {United Nations Economic Commission for Europe (UNECE)},
  Year                     = {2013},
  Month                    = {December},
  Note                     = {\url{http://www1.unece.org/stat/platform/display/gsim/GSIM+Communication+Paper}},

  Url                      = {http://www1.unece.org/stat/platform/display/gsim/GSIM+Communication+Paper}
}

@InProceedings{Lausen-2008,
  Title                    = {{SPARQLing Constraints for RDF}},
  Author                   = {Lausen, Georg and Meier, Michael and Schmidt, Michael},
  Booktitle                = {{Proceedings of the 11th International Conference on Extending Database Technology: Advances in Database Technology (EDBT 2008)}},
  Year                     = {2008},

  Address                  = {New York, NY, USA},
  Note                     = {\url{http://doi.acm.org/10.1145/1353343.1353404}},
  Pages                    = {499--509},
  Publisher                = {ACM},

  Acmid                    = {1353404},
  Doi                      = {10.1145/1353343.1353404},
  ISBN                     = {978-1-59593-926-5},
  Location                 = {Nantes, France},
  Numpages                 = {11},
  Url                      = {http://doi.acm.org/10.1145/1353343.1353404}
}

@TechReport{Layman-1998,
  Title                    = {{XML-Data}},
  Author                   = {Andrew Layman and Jung, Edward and Maler, Eve and Thompson, Henry S. and Paoli, Jean and Tigue, John and Mikula, Norbert H. and De Rose, Steve},
  Institution              = {W3C},
  Year                     = {1998},
  Month                    = {January},
  Note                     = {\url{https://www.w3.org/TR/1998/NOTE-XML-data-0105/}},
  Type                     = {{W3C Note}},

  Url                      = {https://www.w3.org/TR/1998/NOTE-XML-data-0105/}
}

@TechReport{Le-Hors-2013,
  Title                    = {RDF Validation Workshop Report - Practical Assurances for Quality RDF Data},
  Author                   = {Le Hors, Arnaud and Solbrig, Harold and Prud'hommeaux, Eric},
  Institution              = {W3C/MIT},
  Year                     = {2013},

  Address                  = {Cambridge, MA, USA}
}

@TechReport{Lebo-2013,
  Title                    = {{PROV-O: The PROV Ontology}},
  Author                   = {Lebo, Timothy and Sahoo, Satya and McGuinness, Deborah},
  Institution              = {W3C},
  Year                     = {2013},
  Month                    = {April},
  Note                     = {\url{http://www.w3.org/TR/2013/REC-prov-o-20130430/}},
  Type                     = {{W3C Recommendation}},

  Url                      = {http://www.w3.org/TR/2013/REC-prov-o-20130430/}
}

@Article{Lee-2000,
  Title                    = {{Comparative Analysis of Six XML Schema Languages}},
  Author                   = {Lee, Dongwon and Chu, Wesley W.},
  Journal                  = {{ACM SIGMOD (Special Interest Group on Management of Data) Record}},
  Year                     = {2000},

  Month                    = sep,
  Note                     = {\url{http://doi.acm.org/10.1145/362084.362140}},
  Number                   = {3},
  Pages                    = {76--87},
  Volume                   = {29},

  Acmid                    = {362140},
  Address                  = {New York, NY, USA},
  Doi                      = {10.1145/362084.362140},
  ISSN                     = {0163-5808},
  Issue_date               = {Sept. 2000},
  Numpages                 = {12},
  Publisher                = {ACM},
  Url                      = {http://doi.acm.org/10.1145/362084.362140}
}

@TechReport{DCMI-Bibframe-Authorities-2014,
  Title                    = {{BIBFRAME Authorities}},
  Author                   = {{Library of Congress}},
  Institution              = {Library of Congress},
  Year                     = {2014},
  Month                    = {April},
  Note                     = {\url{http://www.loc.gov/bibframe/docs/bibframe-authorities.html}},
  Type                     = {{Library of Congress Draft Specification}},

  Url                      = {http://www.loc.gov/bibframe/docs/bibframe-authorities.html}
}

@TechReport{DCMI-Bibframe-Profiles-2014,
  Title                    = {{BIBFRAME Profiles: Introduction and Specification}},
  Author                   = {{Library of Congress}},
  Institution              = {Library of Congress},
  Year                     = {2014},
  Month                    = {May},
  Note                     = {\url{http://www.loc.gov/bibframe/docs/bibframe-profiles.html}},
  Type                     = {{Library of Congress Draft}},

  Url                      = {http://www.loc.gov/bibframe/docs/bibframe-profiles.html}
}

@TechReport{DCMI-Bibframe-Relationships-2014,
  Title                    = {{BIBFRAME Relationships}},
  Author                   = {{Library of Congress}},
  Institution              = {Library of Congress},
  Year                     = {2014},
  Month                    = {April},
  Note                     = {\url{http://www.loc.gov/bibframe/docs/bibframe-relationships.html}},
  Type                     = {{Library of Congress Draft Specification}},

  Url                      = {http://www.loc.gov/bibframe/docs/bibframe-relationships.html}
}

@InProceedings{Linnerud-2015,
  Title                    = {{GSIM in Practice in Norway}},
  Author                   = {Linnerud, Jenny and Risnes, {{\O}}rnulf and Gregory, Arofan},
  Booktitle                = {{Proceedings of the Workshop on International Collaboration for Standards-Based Modernisation, United Nations Economic Commission for Europe Conference of European Statisticians}},
  Year                     = {2015},

  Address                  = {{Geneva, Switzerland}},
  Month                    = {May},
  Note                     = {\url{http://www1.unece.org/stat/platform/display/WICSBM/Geneva\%2C+5-7+May+2015}},

  Url                      = {http://www1.unece.org/stat/platform/display/WICSBM/Geneva\%2C+5-7+May+2015}
}

@InProceedings{Lohmann2009,
  Title                    = {{A Web Platform for Social Requirements Engineering}},
  Author                   = {Lohmann, Steffen and Dietzold, Sebastian and Heim, Philipp and Heino, Norman},
  Booktitle                = {{Software Engineering}},
  Year                     = {2009},

  Address                  = {Bonn, Germany},
  Editor                   = {Münch, Jürgen and Liggesmeyer, Peter},
  Note                     = {\url{http://subs.emis.de/LNI/Proceedings/Proceedings150/article5334.html}},
  Pages                    = {309-316},
  Publisher                = {Gesellschaft für Informatik},
  Series                   = {Lecture Notes in Informatics},
  Volume                   = {150},

  ISBN                     = {978-3-88579-244-4},
  Url                      = {http://subs.emis.de/LNI/Proceedings/Proceedings150/article5334.html}
}

@InProceedings{Lohmann2008,
  Title                    = {{Semantifying Requirements Engineering - The SoftWiki Approach}},
  Author                   = {Lohmann, Steffen and Heim, Philipp and Auer, Sören and Dietzold, Sebastian and Riechert, Thomas},
  Booktitle                = {{Proceedings of the 4th International Conference on Semantic Technologies (I-SEMANTICS 2008)}},
  Year                     = {2008},

  Address                  = {Graz, Austria},
  Pages                    = {182--185}
}

@Article{Lutz2005,
  Title                    = {Keys, Nominals, and Concrete Domains},
  Author                   = {Lutz, Carsten and Areces, Carlos and Horrocks, Ian and Sattler, Ulrike},
  Journal                  = {Journal of Artificial Intelligence Research},
  Year                     = {2005},
  Number                   = {1},
  Pages                    = {667--726},
  Volume                   = {23},

  Address                  = {USA},
  Publisher                = {AI Access Foundation}
}

@TechReport{Maali-2014,
  Title                    = {Data Catalog Vocabulary (DCAT)},
  Author                   = {Maali, Fadi and Erickson, John},
  Institution              = {W3C},
  Year                     = {2014},
  Type                     = {W3C Recommendation}
}

@InProceedings{MaderHaslhoferIsaac2012,
  Title                    = {Finding Quality Issues in SKOS Vocabularies},
  Author                   = {Mader, Christian and Haslhofer, Bernhard and Isaac, Antoine},
  Booktitle                = {Proc. of the Second Int. Conf. on Theory and Practice of Digital Libraries},
  Year                     = {2012},

  Address                  = {Berlin, Heidelberg},
  Pages                    = {222--233},
  Publisher                = {Springer-Verlag},

  Doi                      = {10.1007/978-3-642-33290-6_25}
}

@InProceedings{Mechanda-2015,
  Title                    = {{Statistical Metadata Strategy and GSIM Implementation in Canada}},
  Author                   = {Mechanda, Kaveri},
  Booktitle                = {{Proceedings of the Workshop on International Collaboration for Standards-Based Modernisation, United Nations Economic Commission for Europe Conference of European Statisticians}},
  Year                     = {2015},

  Address                  = {{Geneva, Switzerland}},
  Month                    = {May},
  Note                     = {\url{http://www1.unece.org/stat/platform/display/WICSBM/Geneva\%2C+5-7+May+2015}},

  Url                      = {http://www1.unece.org/stat/platform/display/WICSBM/Geneva\%2C+5-7+May+2015}
}

@Book{Mellor-2004,
  Title                    = {{MDA Distilled}},
  Author                   = {Mellor, Stephen J. and Kendall, Scott and Uhl, Axel and Weise, Dirk},
  Publisher                = {{Addison Wesley Longman Publishing Co., Inc.}},
  Year                     = {2004},

  Address                  = {Redwood City, CA, USA},

  ISBN                     = {0201788918}
}

@TechReport{Melnik-1999,
  Title                    = {{Bridging the Gap between RDF and XML}},
  Author                   = {Melnik, Sergey},
  Year                     = {1999},
  Note                     = {\url{http://infolab.stanford.edu/~melnik/rdf/fusion.html}},

  Url                      = {\url{http://infolab.stanford.edu/~melnik/rdf/fusion.html}}
}

@Article{Mernik-2005,
  Title                    = {When and How to Develop Domain-Specific Languages},
  Author                   = {Mernik, Marjan and Heering, Jan and Sloane, Anthony M.},
  Journal                  = {ACM Computing Surveys},
  Year                     = {2005},
  Number                   = {4},
  Pages                    = {316--344},
  Volume                   = {37},

  Address                  = {New York, NY, USA},
  Doi                      = {10.1145/1118890.1118892},
  Publisher                = {ACM}
}

@TechReport{Miles-2009,
  Title                    = {SKOS Simple Knowledge Organization System eXtension for Labels (SKOS-XL)},
  Author                   = {Miles, Alistair and Bechhofer, Sean},
  Institution              = {W3C},
  Year                     = {2009},
  Type                     = {W3C Recommendation}
}

@TechReport{W3C-SKOS-2009,
  Title                    = {SKOS Simple Knowledge Organization System Reference},
  Author                   = {Miles, Alistair and Bechhofer, Sean},
  Institution              = {W3C},
  Year                     = {2009},
  Type                     = {W3C Recommendation}
}

@TechReport{Miller-2012,
  Title                    = {{Bibliographic Framework as a Web of Data: Linked Data Model and Supporting Services}},
  Author                   = {{Miller, Eric and Ogbuji, Uche and Mueller, Victoria and MacDougall, Kathy}},
  Institution              = {Library of Congress},
  Year                     = {2012},

  Address                  = {Washington, DC, USA},
  Month                    = {November},
  Note                     = {\url{http://www.loc.gov/bibframe/pdf/marcld-report-11-21-2012.pdf}},

  Url                      = {http://www.loc.gov/bibframe/pdf/marcld-report-11-21-2012.pdf}
}

@InProceedings{Kenneth-2005,
  Title                    = {{How Initiative Benefits the Research Community - the Data Documentation Initiative}},
  Author                   = {Miller, Kenneth and Vardigan, Mary},
  Booktitle                = {{Proceedings of the 1th International Conference on e-Social Science}},
  Year                     = {2005},

  Address                  = {{Manchester, UK}},
  Note                     = {\url{http://www.ddialliance.org/sites/default/files/miller.pdf}},

  Nonth                    = {June},
  Url                      = {http://www.ddialliance.org/sites/default/files/miller.pdf}
}

@TechReport{Miller-2001,
  Title                    = {{RDF Squish Query Language and Java Implementation}},
  Author                   = {Miller, Libby},
  Year                     = {2001},
  Month                    = {February},
  Note                     = {\url{http://ilrt.org/discovery/2001/02/squish/}},
  Type                     = {{Draft}},

  Url                      = {http://ilrt.org/discovery/2001/02/squish/}
}

@InCollection{Minker-1982,
  Title                    = {{On Indefinite Databases and the Closed World Assumption}},
  Author                   = {Minker, Jack},
  Booktitle                = {{6th Conference on Automated Deduction}},
  Publisher                = {Springer Berlin Heidelberg},
  Year                     = {1982},
  Editor                   = {Loveland, D.W.},
  Pages                    = {292-308},
  Series                   = {Lecture Notes in Computer Science},
  Volume                   = {138},

  Doi                      = {10.1007/BFb0000066},
  ISBN                     = {978-3-540-11558-8},
  Language                 = {English},
  Url                      = {http://dx.doi.org/10.1007/BFb0000066}
}

@TechReport{Minsky-1974,
  Title                    = {{A Framework for Representing Knowledge}},
  Author                   = {Minsky, Marvin},
  Year                     = {1974},

  Address                  = {Cambridge, MA, USA},

  Publisher                = {Massachusetts Institute of Technology},
  Source                   = {http://www.ncstrl.org:8900/ncstrl/servlet/search?formname=detail\&id=oai%3Ancstrlh%3Amitai%3AMIT-AILab%2F%2FAIM-306}
}

@TechReport{Moreau-2013,
  Title                    = {{PROV-DM: The PROV Data Model}},
  Author                   = {Moreau, Luc and Missier, Paolo},
  Institution              = {W3C},
  Year                     = {2013},
  Month                    = {April},
  Note                     = {\url{http://www.w3.org/TR/2013/REC-prov-dm-20130430/}},
  Type                     = {{W3C Recommendation}},

  Url                      = {http://www.w3.org/TR/2013/REC-prov-dm-20130430/}
}

@TechReport{owl2profiles2008,
  Title                    = {{OWL 2 Web Ontology Language: Profiles}},
  Author                   = {Motik, Boris and Grau, Bernardo Cuenca and Horrocks, Ian and Wu, Zhe and Fokoue, Achille and Lutz, Carsten},
  Institution              = {{W3C}},
  Year                     = {2012},
  Month                    = {December},
  Note                     = {http://www.w3.org/TR/2012/REC-owl2-profiles-20121211/},
  Type                     = {{{W3C} Recommendation}},

  Abstract                 = {OWL 2 extends the W3C OWL Web Ontology Language with a small but useful set of features that have been requested by users, for which effective reasoning algorithms are now available, and that OWL tool developers are willing to support. The new features include extra syntactic sugar, additional property and qualified cardinality constructors, extended datatype support, simple metamodeling, and extended annotations. This document provides a specification of several profiles of OWL 2 which can be more simply and/or efficiently implemented. In logic, profiles are often called fragments. Most profiles are defined by placing restrictions on the structure of OWL 2 ontologies. These restrictions have been specified by modifying the productions of the functional-style syntax.},
  Added-at                 = {2009-01-14T00:43:43.000+0100},
  Biburl                   = {http://www.bibsonomy.org/bibtex/20296629a9f4e65792ee1b750cde89938/dret},
  Description              = {dret'd bibliography},
  HowPublished             = {World Wide Web Consortium, Working Draft WD-owl2-profiles-20081202},
  Interhash                = {41cfb4af124877b8d3db6a9782e9b67c},
  Intrahash                = {0296629a9f4e65792ee1b750cde89938},
  Keywords                 = {imported},
  Owner                    = {Thomas Bosch},
  Timestamp                = {2009-01-14T00:43:43.000+0100},
  Topic                    = {owl[0.9]},
  Uri                      = {http://www.w3.org/TR/2012/REC-owl2-profiles-20121211/}
}

@Article{Motik-2009,
  Title                    = {Bridging the Gap Between OWL and Relational Databases},
  Author                   = {Motik, Boris and Horrocks, Ian and Sattler, Ulrike},
  Journal                  = {Journal of Web Semantics},
  Year                     = {2009},
  Number                   = {2},
  Pages                    = {74--89},
  Volume                   = {7},

  Doi                      = {10.1016/j.websem.2009.02.001}
}

@InProceedings{Motik-2007,
  Title                    = {Adding Integrity Constraints to OWL},
  Author                   = {Motik, Boris and Horrocks, Ian and Sattler, Ulrike},
  Booktitle                = {Proc. of the OWLED 2007 Workshop on OWL: Experiences and Directions},
  Year                     = {2007},

  Address                  = {{Innsbruck, Austria}},
  Volume                   = {258}
}

@TechReport{W3C-OWL2-XML-2012,
  Title                    = {{OWL 2 Web Ontology Language XML Serialization (Second Edition)}},
  Author                   = {Motik, Boris and Parsia, Bijan and Patel-Schneider, Peter F.},
  Institution              = {W3C},
  Year                     = {2012},
  Month                    = {December},
  Note                     = {http://www.w3.org/TR/2012/REC-owl2-xml-serialization-20121211/},
  Type                     = {{W3C Recommendation}},

  Owner                    = {Thomas},
  Timestamp                = {2014.05.03},
  Utl                      = {http://www.w3.org/TR/2012/REC-owl2-xml-serialization-20121211/}
}

@InProceedings{Munoz-Garcia2008,
  Title                    = {{Facilitating Requirements Engineering of Semantic Applications}},
  Author                   = {{\'O}scar Mu{\~n}oz-Garc\'{\i}a and Raul Garc\'{\i}a-Castro and Asunci{\'o}n G{\'o}mez-P{\'e}rez},
  Booktitle                = {{Proceedings of the 5th Workshop on Semantic Web Applications and Perspectives (SWAP 2008)}},
  Year                     = {2008},

  Address                  = {{Rome, Italy}},
  Month                    = {{December}},

  Bibsource                = {DBLP, http://dblp.uni-trier.de},
  Ee                       = {http://ceur-ws.org/Vol-426/swap2008_submission_47.pdf}
}

@Article{Murata-2005,
  Title                    = {{Taxonomy of XML Schema Languages Using Formal Language Theory}},
  Author                   = {Murata, Makoto and Lee, Dongwon and Mani, Murali and Kawaguchi, Kohsuke},
  Journal                  = {{ACM Transactions on Internet Technology}},
  Year                     = {2005},

  Month                    = nov,
  Number                   = {4},
  Pages                    = {660--704},
  Volume                   = {5},

  Acmid                    = {1111631},
  Address                  = {New York, NY, USA},
  Doi                      = {10.1145/1111627.1111631},
  ISSN                     = {1533-5399},
  Keywords                 = {XML, interpretation, schema, tree automaton, validation},
  Numpages                 = {45},
  Publisher                = {ACM},
  Url                      = {http://doi.acm.org/10.1145/1111627.1111631}
}

@Article{NISO-2004,
  Title                    = {{Understanding Metadata}},
  Author                   = {{National Information Standards Organization (NISO)}},
  Journal                  = {{NISO Press}},
  Year                     = {2004},
  Note                     = {\url{http://www.niso.org/publications/press/UnderstandingMetadata.pdf}},
  Pages                    = {1 - 18},

  ISBN                     = {ISBN 1-880124-62-9},
  Url                      = {http://www.niso.org/publications/press/UnderstandingMetadata.pdf}
}

@Article{Nentwich-2002,
  Title                    = {{Xlinkit: A Consistency Checking and Smart Link Generation Service}},
  Author                   = {Nentwich, Christian and Capra, Licia and Emmerich, Wolfgang and Finkelstein, Anthony},
  Journal                  = {{ACM Transactions on Internet Technologies}},
  Year                     = {2002},

  Month                    = may,
  Number                   = {2},
  Pages                    = {151--185},
  Volume                   = {2},

  Acmid                    = {514186},
  Address                  = {New York, NY, USA},
  Doi                      = {10.1145/514183.514186},
  ISSN                     = {1533-5399},
  Issue_date               = {May 2002},
  Keywords                 = {Consistency management, XML, automatic link generation, constraint checking},
  Numpages                 = {35},
  Publisher                = {ACM},
  Url                      = {http://doi.acm.org/10.1145/514183.514186}
}

@TechReport{DCMI-DSP-2008,
  Title                    = {{Description Set Profiles: A Constraint Language for Dublin Core Application Profiles}},
  Author                   = {Nilsson, Mikael},
  Institution              = {Dublin Core Metadata Initiative (DCMI)},
  Year                     = {2008},
  Month                    = {March},
  Note                     = {\url{http://dublincore.org/documents/2008/03/31/dc-dsp/}},
  Type                     = {{DCMI Working Draft}},

  Url                      = {http://dublincore.org/documents/2008/03/31/dc-dsp/}
}

@TechReport{DCMI-Singapore-2008,
  Title                    = {{The Singapore Framework for Dublin Core Application Profiles}},
  Author                   = {Nilsson, Mikael and Baker, Thomas and Johnston, Pete},
  Institution              = {Dublin Core Metadata Initiative (DCMI)},
  Year                     = {2008},
  Month                    = {January},
  Note                     = {\url{http://dublincore.org/documents/2008/01/14/singapore-framework/}},
  Type                     = {{DCMI Recommended Resource}},

  Url                      = {http://dublincore.org/documents/2008/01/14/singapore-framework/}
}

@TechReport{DCMI-DC-RDF-2008,
  Title                    = {{Expressing Dublin Core Metadata using the Resource Description Framework (RDF)}},
  Author                   = {Nilsson, Mikael and Powel, Andy and Johnston, Pete and Naeve, Ambjörn},
  Institution              = {Dublin Core Metadata Initiative (DCMI)},
  Year                     = {2008},
  Month                    = {January},
  Note                     = {\url{http://dublincore.org/documents/2008/01/14/dc-rdf/}},
  Type                     = {{DCMI Recommendation}},

  Url                      = {http://dublincore.org/documents/2008/01/14/dc-rdf/}
}

@Book{Nilsson-1995,
  Title                    = {Logic, Programming, and PROLOG},
  Author                   = {Nilsson, Ulf and Maluszynski, Jan},
  Publisher                = {John Wiley \& Sons, Inc.},
  Year                     = {1995},

  Address                  = {New York, NY, USA},
  Edition                  = {2nd},
  Note                     = {\url{http://dl.acm.org/citation.cfm?id=546470}},

  ISBN                     = {0471959960},
  Url                      = {http://dl.acm.org/citation.cfm?id=546470}
}

@InCollection{nolle2014efficient,
  Title                    = {{Efficient Federated Debugging of Lightweight Ontologies}},
  Author                   = {Nolle, Andreas and Meilicke, Christian and Stuckenschmidt, Heiner and Nemirovski, German},
  Booktitle                = {{Web Reasoning and Rule Systems}},
  Publisher                = {{Springer International Publishing}},
  Year                     = {2014},
  Pages                    = {206--215}
}

@InProceedings{nolle2013elite,
  Title                    = {{ELITE: An Entailment-Based Federated Query Engine for Complete and Transparent Semantic Data Integration}},
  Author                   = {Nolle, Andreas and Nemirovski, German},
  Booktitle                = {{Proceedings of the 26th International Workshop on Description Logics}},
  Year                     = {2013},
  Pages                    = {854--867},
  Publisher                = {CEUR Electronic Workshop Proceedings}
}

@TechReport{IETF-2005,
  Title                    = {{Atom Syndication Format (Atom)}},
  Author                   = {{Nottingham, M. and Sayre, R.}},
  Institution              = {{IETF atompub Working Group}},
  Year                     = {2005},
  Month                    = {December},
  Note                     = {http://www.w3.org/2005/Atom},
  Type                     = {{Proposed Standard Specification}},

  Url                      = {http://www.w3.org/2005/Atom}
}

@InProceedings{O'Connor-Das-2011,
  Title                    = {{Acquiring OWL Ontologies from XML Documents}},
  Author                   = {O'Connor, Martin J. and Das, Amar},
  Booktitle                = {{Proceedings of the 6th International Conference on Knowledge Capture (K-CAP 2011)}},
  Year                     = {2011},

  Address                  = {{New York, NY, USA}},
  Pages                    = {17--24},
  Publisher                = {ACM},

  Acmid                    = {1999681},
  Doi                      = {10.1145/1999676.1999681},
  ISBN                     = {978-1-4503-0396-5},
  Keywords                 = {Manchester OWL syntax, OWL, XML, XPath, knowledge acquisition},
  Location                 = {Banff, Alberta, Canada},
  Numpages                 = {8},
  Url                      = {http://doi.acm.org/10.1145/1999676.1999681}
}

@Article{O'Connor-2010,
  Title                    = {{Semantic Reasoning with XML-Based Biomedical Information Models}},
  Author                   = {O'Connor, Martin J. and Das, Amar},
  Journal                  = {{Studies in Health Technology and Informatics}},
  Year                     = {2010},
  Number                   = {2},
  Pages                    = {986--990},
  Volume                   = {160},

  ISSN                     = {0926-9630},
  Url                      = {http://europepmc.org/abstract/MED/20841831}
}

@TechReport{Obasanjo-2004,
  Title                    = {{Improving XML Document Validation with Schematron}},
  Author                   = {Obasanjo, Dare},
  Institution              = {Microsoft Corporation},
  Year                     = {2004},
  Month                    = {September},
  Note                     = {\url{https://msdn.microsoft.com/en-us/library/aa468554.aspx}},

  Url                      = {https://msdn.microsoft.com/en-us/library/aa468554.aspx}
}

@TechReport{OMG2015,
  Title                    = {{Meta Object Facility (MOF) 2.0 Query/View/Transformation Specification - Version 1.2}},
  Author                   = {{Object Management Group (OMG)}},
  Institution              = {Object Management Group (OMG)},
  Year                     = {2015},
  Month                    = {February},
  Note                     = {http://www.omg.org/spec/QVT/1.2},
  Type                     = {{Object Management Group (OMG) Specification}},

  Url                      = {http://www.omg.org/spec/QVT/1.2}
}

@TechReport{OMG-OCL-2014,
  Title                    = {{Object Constraint Language - Version 2.4}},
  Author                   = {{Object Management Group (OMG)}},
  Institution              = {Object Management Group (OMG)},
  Year                     = {2014},
  Month                    = {February},
  Note                     = {http://www.omg.org/spec/OCL/2.4/},
  Type                     = {{Object Management Group (OMG) Specification}},

  Url                      = {http://www.omg.org/spec/OCL/2.4/}
}

@TechReport{OMG-XMI-2014,
  Title                    = {{XML Metadata Interchange (XMI) Specification - Version 2.4.2}},
  Author                   = {{Object Management Group (OMG)}},
  Institution              = {Object Management Group (OMG)},
  Year                     = {2014},
  Month                    = {April},
  Note                     = {http://www.omg.org/spec/XMI/2.4.2},
  Type                     = {{Object Management Group (OMG) Specification}},

  Url                      = {http://www.omg.org/spec/XMI/2.4.2}
}

@TechReport{OMG-BPMN-2013,
  Title                    = {{Business Process Model and Notation (BPMN) - Version 2.0.2}},
  Author                   = {{Object Management Group (OMG)}},
  Institution              = {Object Management Group (OMG)},
  Year                     = {2013},
  Month                    = {December},
  Note                     = {http://www.omg.org/spec/BPMN/2.0.2/},
  Type                     = {{Object Management Group (OMG) Specification}},

  Url                      = {http://www.omg.org/spec/BPMN/2.0.2/}
}

@TechReport{OMG-MOF-2013,
  Title                    = {{OMG Meta Object Facility (MOF) Core Specification - Version 2.4.1}},
  Author                   = {{Object Management Group (OMG)}},
  Institution              = {Object Management Group (OMG)},
  Year                     = {2013},
  Month                    = {June},
  Note                     = {http://www.omg.org/spec/MOF/2.4.1/},
  Type                     = {{Object Management Group (OMG) Specification}},

  Url                      = {http://www.omg.org/spec/MOF/2.4.1/}
}

@TechReport{OMG-SysML-2012,
  Title                    = {{OMG Systems Modeling Language (OMG SysML) - Version 1.3}},
  Author                   = {{Object Management Group (OMG)}},
  Institution              = {Object Management Group (OMG)},
  Year                     = {2012},
  Month                    = {June},
  Note                     = {http://www.omg.org/spec/SysML/1.3/},
  Type                     = {{Object Management Group (OMG) Specification}},

  Url                      = {http://www.omg.org/spec/SysML/1.3/}
}

@TechReport{OMG2011,
  Title                    = {{OMG Unified Modeling Language (OMG UML), Infrastructure - Version 2.4.1}},
  Author                   = {{Object Management Group (OMG)}},
  Institution              = {Object Management Group (OMG)},
  Year                     = {2011},
  Month                    = {August},
  Note                     = {http://www.omg.org/spec/UML/2.4.1/Infrastructure/},
  Type                     = {{Object Management Group (OMG) Specification}},

  Url                      = {http://www.omg.org/spec/UML/2.4.1/Infrastructure/}
}

@TechReport{OMG2011-2,
  Title                    = {{OMG Unified Modeling Language (OMG UML), Superstructure - Version 2.4.1}},
  Author                   = {{Object Management Group (OMG)}},
  Institution              = {Object Management Group (OMG)},
  Year                     = {2011},
  Month                    = {August},
  Note                     = {http://www.omg.org/spec/UML/2.4.1/Superstructure/},
  Type                     = {{Object Management Group (OMG) Specification}},

  Url                      = {http://www.omg.org/spec/UML/2.4.1/Superstructure/}
}

@TechReport{OMG-CWM-2003,
  Title                    = {{Common Warehouse Metamodel (CWM) Specification - Version 1.1}},
  Author                   = {{Object Management Group (OMG)}},
  Institution              = {Object Management Group (OMG)},
  Year                     = {2003},
  Month                    = {March},
  Note                     = {http://www.omg.org/spec/CWM/1.1/},
  Type                     = {{Object Management Group (OMG) Specification}},

  Url                      = {http://www.omg.org/spec/CWM/1.1/}
}

@TechReport{Ogbuji-2000,
  Title                    = {{Validating XML with Schematron}},
  Author                   = {Ogbuji, Chimezie},
  Institution              = {O'Reilly Media, Inc.},
  Year                     = {2000},
  Month                    = {November},
  Note                     = {\url{http://www.xml.com/pub/a/2000/11/22/schematron.html}},

  Url                      = {http://www.xml.com/pub/a/2000/11/22/schematron.html}
}

@Article{Perez2009,
  Title                    = {{Semantics and Complexity of SPARQL}},
  Author                   = {P{\'e}rez, Jorge and Arenas, Marcelo and Gutierrez, Claudio},
  Journal                  = {{ACM Transactions on Database Systems (TODS)}},
  Year                     = {2009},

  Month                    = sep,
  Number                   = {3},
  Pages                    = {16:1--16:45},
  Volume                   = {34},

  Acmid                    = {1567278},
  Address                  = {New York, NY, USA},
  Articleno                = {16},
  Doi                      = {10.1145/1567274.1567278},
  ISSN                     = {0362-5915},
  Issue_date               = {August 2009},
  Keywords                 = {Complexity, RDF, SPARQL, query language, semantic Web},
  Numpages                 = {45},
  Publisher                = {ACM},
  Url                      = {http://doi.acm.org/10.1145/1567274.1567278}
}

@InProceedings{Patel-Schneider-2015,
  Title                    = {Using Description Logics for RDF Constraint Checking and Closed-World Recognition},
  Author                   = {Patel-Schneider, Peter F.},
  Booktitle                = {Proc. of the 29th AAAI Conf. on Artificial Intelligence},
  Year                     = {2015},

  Address                  = {{Austin Texas, USA}}
}

@InCollection{poggi2008linking,
  Title                    = {{Linking Data to Ontologies}},
  Author                   = {Poggi, Antonella and Lembo, Domenico and Calvanese, Diego and De Giacomo, Giuseppe and Lenzerini, Maurizio and Rosati, Riccardo},
  Booktitle                = {{Journal on Data Semantics X}},
  Publisher                = {Springer},
  Year                     = {2008},
  Pages                    = {133--173}
}

@Book{Pohl-2010,
  Title                    = {{Requirements Engineering - Fundamentals, Principles, and Techniques}},
  Author                   = {Pohl, Klaus},
  Publisher                = {{Springer-Verlag Berlin Heidelberg}},
  Year                     = {2010},
  Note                     = {\url{https://www.springer.com/us/book/9783642125775}},

  Url                      = {https://www.springer.com/us/book/9783642125775}
}

@InCollection{Polleres-2013,
  Title                    = {{RDFS and OWL Reasoning for Linked Data}},
  Author                   = {Polleres, Axel and Hogan, Aidan and Delbru, Renaud and Umbrich, JÃ¼rgen},
  Booktitle                = {{Reasoning Web. Semantic Technologies for Intelligent Data Access}},
  Publisher                = {Springer Berlin Heidelberg},
  Year                     = {2013},
  Editor                   = {Rudolph, Sebastian and Gottlob, Georg and Horrocks, Ian and van Harmelen, Frank},
  Pages                    = {91-149},
  Series                   = {Lecture Notes in Computer Science},
  Volume                   = {8067},

  Doi                      = {10.1007/978-3-642-39784-4_2},
  ISBN                     = {978-3-642-39783-7},
  Language                 = {English},
  Url                      = {http://dx.doi.org/10.1007/978-3-642-39784-4_2}
}

@TechReport{DCMI-Abstract-Model-2007,
  Title                    = {{DCMI Abstract Model}},
  Author                   = {Powell, Andy and Nilsson, Mikael and Naeve, Ambjörn and Johnston, Pete and Baker, Thomas},
  Institution              = {Dublin Core Metadata Initiative (DCMI)},
  Year                     = {2007},
  Month                    = {June},
  Note                     = {\url{http://dublincore.org/documents/2007/06/04/abstract-model/}},
  Type                     = {{DCMI Recommendation}},

  Url                      = {http://dublincore.org/documents/2007/06/04/abstract-model/}
}

@TechReport{PREMIS-2015,
  Title                    = {{PREMIS Data Dictionary for Preservation Metadata - Version 3.0}},
  Author                   = {{PREMIS Editorial Committee }},
  Institution              = {PREMIS Editorial Committee},
  Year                     = {2015},
  Month                    = {June},
  Note                     = {\url{http://www.loc.gov/standards/premis/v3/premis-3-0-final.pdf}},
  Type                     = {{PREMIS Specification}},

  Url                      = {http://www.loc.gov/standards/premis/v3/premis-3-0-final.pdf}
}

@TechReport{W3C-SHACL-3-2015,
  Title                    = {{SHACL-SPARQL}},
  Author                   = {Prud'hommeaux, Eric},
  Institution              = {W3C},
  Year                     = {2015},
  Month                    = {July},
  Note                     = {http://w3c.github.io/data-shapes/semantics/SPARQL},
  Type                     = {{W3C Editor's Draft}},

  Utl                      = {http://w3c.github.io/data-shapes/semantics/SPARQL}
}

@TechReport{W3C-ShEx-Primer-2014,
  Title                    = {{Shape Expressions 1.0 Primer}},
  Author                   = {Prud'hommeaux, Eric},
  Institution              = {W3C},
  Year                     = {2014},
  Month                    = {June},
  Note                     = {\url{http://www.w3.org/Submission/2014/SUBM-shex-primer-20140602/}},
  Type                     = {{W3C Member Submission}},

  Url                      = {http://www.w3.org/Submission/2014/SUBM-shex-primer-20140602/}
}

@TechReport{W3C-Turtle-2014,
  Title                    = {{RDF 1.1 Turtle - Terse RDF Triple Language}},
  Author                   = {Prud'hommeaux, Eric and Carothers, Gavin},
  Institution              = {W3C},
  Year                     = {2014},
  Month                    = {February},
  Note                     = {http://www.w3.org/TR/2014/REC-turtle-20140225/},
  Type                     = {{W3C Recommendation}},

  Owner                    = {Thomas},
  Timestamp                = {2014.05.03},
  Utl                      = {http://www.w3.org/TR/2014/REC-turtle-20140225/}
}

@InProceedings{Prud'hommeaux-2014,
  Title                    = {{Shape Expressions: An RDF Validation and Transformation Language}},
  Author                   = {Prud'hommeaux, Eric and Labra Gayo, Jose Emilio and Solbrig, Harold},
  Booktitle                = {{Proceedings of the 10th International Conference on Semantic Systems (SEMANTiCS)}},
  Year                     = {2014},

  Address                  = {New York, NY, USA},
  Pages                    = {32--40},
  Publisher                = {ACM},
  Series                   = {SEMANTiCS 2014},

  Acmid                    = {2660523},
  Doi                      = {10.1145/2660517.2660523},
  ISBN                     = {978-1-4503-2927-9},
  Keywords                 = {RDF, graphs, transformation, validation},
  Location                 = {Leipzig, Germany},
  Numpages                 = {9},
  Url                      = {http://doi.acm.org/10.1145/2660517.2660523}
}

@Article{Raja-2010,
  Title                    = {Domain Specific Languages},
  Author                   = {Raja, Aruna and Lakshmanan, Devika},
  Journal                  = {Int. Journal of Computer Applications},
  Year                     = {2010},
  Number                   = {21},
  Pages                    = {99--105},
  Volume                   = {1}
}

@Article{Rasmussen-2013,
  Title                    = {{Social Science Metadata and the Foundations of the DDI}},
  Author                   = {Rasmussen, Karsten Boye},
  Journal                  = {{IASSIST Quarterly}},
  Year                     = {2013},
  Note                     = {\url{http://iassistdata.org/sites/default/files/iq/iqvol371_4_rasmussen.pdf}},
  Number                   = {1},
  Pages                    = {28--35},
  Volume                   = {37},

  Issue                    = {1},
  Url                      = {http://iassistdata.org/sites/default/files/iq/iqvol371_4_rasmussen.pdf}
}

@InProceedings{Reif-2005,
  Title                    = {{WEESA: Web Engineering for Semantic Web Applications}},
  Author                   = {Reif, Gerald and Gall, Harald and Jazayeri, Mehdi},
  Booktitle                = {{Proceedings of the 14th International Conference on World Wide Web}},
  Year                     = {2005},

  Address                  = {New York, NY, USA},
  Pages                    = {722--729},
  Publisher                = {ACM},

  Acmid                    = {1060849},
  Doi                      = {10.1145/1060745.1060849},
  ISBN                     = {1-59593-046-9},
  Keywords                 = {Web engineering, ontology, semantic Web, semantic annotation},
  Location                 = {Chiba, Japan},
  Numpages                 = {8},
  Url                      = {http://doi.acm.org/10.1145/1060745.1060849}
}

@InCollection{Raymond-1978,
  Title                    = {{On Closed World Data Bases}},
  Author                   = {Reiter, Raymond},
  Booktitle                = {{Logic and Data Bases}},
  Publisher                = {Springer US},
  Year                     = {1978},
  Editor                   = {Gallaire, HervÃ© and Minker, Jack},
  Pages                    = {55-76},

  Doi                      = {10.1007/978-1-4684-3384-5_3},
  ISBN                     = {978-1-4684-3386-9},
  Language                 = {English},
  Url                      = {http://dx.doi.org/10.1007/978-1-4684-3384-5_3}
}

@InCollection{Reutter-2015,
  Title                    = {{Recursion in SPARQL}},
  Author                   = {Reutter, Juan L. and Soto, Adrián and Vrgoč, Domagoj},
  Booktitle                = {{The Semantic Web - ISWC 2015}},
  Publisher                = {Springer International Publishing},
  Year                     = {2015},
  Editor                   = {Arenas, Marcelo and Corcho, Oscar and Simperl, Elena and Strohmaier, Markus and d'Aquin, Mathieu and Srinivas, Kavitha and Groth, Paul and Dumontier, Michel and Heflin, Jeff and Thirunarayan, Krishnaprasad and Thirunarayan, Krishnaprasad and Staab, Steffen},
  Pages                    = {19-35},
  Series                   = {Lecture Notes in Computer Science},
  Volume                   = {9366},

  Doi                      = {10.1007/978-3-319-25007-6_2},
  ISBN                     = {978-3-319-25006-9},
  Language                 = {English},
  Url                      = {http://dx.doi.org/10.1007/978-3-319-25007-6_2}
}

@TechReport{Reynolds-2014,
  Title                    = {{The Organization Ontology}},
  Author                   = {Reynolds, Dave},
  Institution              = {W3C},
  Year                     = {2014},
  Month                    = {January},
  Note                     = {\url{http://www.w3.org/TR/2014/REC-vocab-org-20140116/}},
  Type                     = {{W3C Recommendation}},

  Url                      = {http://www.w3.org/TR/2014/REC-vocab-org-20140116/}
}

@InProceedings{Riechert2007,
  Title                    = {{Towards Semantic Based Requirements Engineering}},
  Author                   = {Riechert, Thomas and Lauenroth, Kim and Lehmann, Jens and Auer, S{\"o}ren},
  Booktitle                = {{Proceedings of the 7th International Conference on Knowledge Management (I-KNOW)}},
  Year                     = {2007},

  Added-at                 = {2014-04-29T14:50:59.000+0200},
  Biburl                   = {http://www.bibsonomy.org/bibtex/20624302b13e52be049cd5d9a40c6571d/aksw},
  Date-modified            = {2012-12-02 12:59:02 +0000},
  Description              = {publications Jens Lehmann},
  Interhash                = {8f26251087419c7cd1b4530ce3419897},
  Intrahash                = {0624302b13e52be049cd5d9a40c6571d},
  Keywords                 = {2007 event_i-know group_aksw lehmann softwiki},
  Modified                 = {2012-12-02 12:59:02 +0000},
  Timestamp                = {2014-04-29T14:50:59.000+0200},
  Url                      = {http://jens-lehmann.org/files/2007/swore.pdf}
}

@TechReport{W3C-XPath-2014,
  Title                    = {{XML Path Language (XPath) 3.0}},
  Author                   = {Robie, Jonathan and Chamberlin, Don and Dyck, Michael and Snelson, John},
  Institution              = {W3C},
  Year                     = {2014},
  Month                    = {April},
  Note                     = {\url{http://www.w3.org/TR/2014/REC-xpath-30-20140408/}},
  Type                     = {{W3C Recommendation}},

  Url                      = {\url{http://www.w3.org/TR/2014/REC-xpath-30-20140408/}}
}

@TechReport{W3C-XQuery-2014,
  Title                    = {{XQuery 3.0: An XML Query Language}},
  Author                   = {Robie, Jonathan and Chamberlin, Don and Dyck, Michael and Snelson, John},
  Institution              = {W3C},
  Year                     = {2014},
  Month                    = {April},
  Note                     = {\url{http://www.w3.org/TR/2014/REC-xquery-30-20140408/}},
  Type                     = {{W3C Recommendation}},

  Url                      = {\url{http://www.w3.org/TR/2014/REC-xquery-30-20140408/}}
}

@InCollection{Rudolph-2011,
  Title                    = {{Foundations of Description Logics}},
  Author                   = {Rudolph, Sebastian},
  Booktitle                = {{Reasoning Web. Semantic Technologies for the Web of Data}},
  Publisher                = {Springer Berlin Heidelberg},
  Year                     = {2011},
  Editor                   = {Polleres, Axel and d'Amato, Claudia and Arenas, Marcelo and Handschuh, Siegfried and Kroner, Paula and Ossowski, Sascha and Patel-Schneider, Peter},
  Pages                    = {76-136},
  Series                   = {Lecture Notes in Computer Science},
  Volume                   = {6848},

  Doi                      = {10.1007/978-3-642-23032-5_2},
  ISBN                     = {978-3-642-23031-8},
  Language                 = {English},
  Url                      = {http://dx.doi.org/10.1007/978-3-642-23032-5_2}
}

@Book{Russell-2009,
  Title                    = {{Artificial Intelligence: A Modern Approach}},
  Author                   = {Russell, Stuart and Norvig, Peter},
  Publisher                = {Prentice Hall Press},
  Year                     = {2009},

  Address                  = {Upper Saddle River, NJ, USA},
  Edition                  = {3rd},

  ISBN                     = {0136042597, 9780136042594}
}

@TechReport{W3C-ReSh-2014,
  Title                    = {{Resource Shape 2.0}},
  Author                   = {Ryman, Arthur},
  Institution              = {W3C},
  Year                     = {2014},
  Month                    = {February},
  Note                     = {\url{http://www.w3.org/Submission/2014/SUBM-shapes-20140211/}},
  Type                     = {{W3C Member Submission}},

  Url                      = {http://www.w3.org/Submission/2014/SUBM-shapes-20140211/}
}

@InProceedings{Ryman2013,
  Title                    = {{OSLC Resource Shape: A Language for Defining Constraints on Linked Data}},
  Author                   = {Ryman, Arthur G. and Hors, Arnaud Le and Speicher, Steve},
  Booktitle                = {{Proceedings of the International World Wide Web Conference (WWW), Workshop on Linked Data on the Web (LDOW)}},
  Year                     = {2013},
  Editor                   = {Bizer, Christian and Heath, Tom and Berners-Lee, Tim and Hausenblas, Michael and Auer, Sören},
  Note                     = {\url{http://ceur-ws.org/Vol-996/}},
  Series                   = {CEUR Workshop Proceedings},
  Volume                   = {996},

  Added-at                 = {2013-07-23T00:00:00.000+0200},
  Biburl                   = {http://www.bibsonomy.org/bibtex/24388eee0575dbcf389ed2dd2775c8112/dblp},
  Ee                       = {http://ceur-ws.org/Vol-996/papers/ldow2013-paper-02.pdf},
  Interhash                = {ef74019e32ebfc44c4fd7e56669a5231},
  Intrahash                = {4388eee0575dbcf389ed2dd2775c8112},
  Keywords                 = {dblp},
  Owner                    = {Thomas},
  Timestamp                = {2013-07-23T00:00:00.000+0200},
  Url                      = {http://dblp.uni-trier.de/db/conf/www/ldow2013.html#RymanHS13}
}

@InCollection{Perez-2011,
  Title                    = {{A Deductive Database with Datalog and SQL Query Languages}},
  Author                   = {Sáenz-Pérez, Fernando and Caballero, Rafael and García-Ruiz, Yolanda},
  Booktitle                = {{Programming Languages and Systems}},
  Publisher                = {Springer Berlin Heidelberg},
  Year                     = {2011},
  Editor                   = {Yang, Hongseok},
  Note                     = {\url{http://dx.doi.org/10.1007/978-3-642-25318-8_8}},
  Pages                    = {66-73},
  Series                   = {Lecture Notes in Computer Science},
  Volume                   = {7078},

  Doi                      = {10.1007/978-3-642-25318-8_8},
  ISBN                     = {978-3-642-25317-1},
  Keywords                 = {Deductive Databases; Relational Databases; Datalog; SQL; DES},
  Language                 = {English},
  Url                      = {http://dx.doi.org/10.1007/978-3-642-25318-8_8}
}

@InProceedings{Sateli2013,
  Title                    = {{The ReqWiki Approach for Collaborative Software Requirements Engineering with Integrated Text Analysis Support}},
  Author                   = {B. Sateli and E. Angius and R. Witte},
  Booktitle                = {{The 37th Annual International Computer Software \& Applications Conference (COMPSAC 2013)}},
  Year                     = {2013},

  Address                  = {{Kyoto, Japan}},
  Pages                    = {405--414},
  Publisher                = {IEEE},

  Doi                      = {http://dx.doi.org/10.1109/COMPSAC.2013.68},
  Owner                    = {kai},
  Timestamp                = {2014.05.17}
}

@InProceedings{Scanu-2015,
  Title                    = {{GSIM Implementation in the Istat Metadata System}},
  Author                   = {Scanu, Mauro},
  Booktitle                = {{Proceedings of the Workshop on International Collaboration for Standards-Based Modernisation, United Nations Economic Commission for Europe Conference of European Statisticians}},
  Year                     = {2015},

  Address                  = {{Geneva, Switzerland}},
  Month                    = {May},
  Note                     = {\url{http://www1.unece.org/stat/platform/display/WICSBM/Geneva\%2C+5-7+May+2015}},

  Url                      = {http://www1.unece.org/stat/platform/display/WICSBM/Geneva\%2C+5-7+May+2015}
}

@Article{SchaibleZapilkoBoschZenkMoeltgen2015,
  Title                    = {{Linking Study Descriptions to the Linked Open Data Cloud}},
  Author                   = {Schaible, Johann and Zapilko, Benjamin and Bosch, Thomas and Zenk-Möltgen, Wolfgang},
  Journal                  = {{IASSIST Quarterly}},
  Year                     = {2015},
  Note                     = {\url{http://iassistdata.org/iq/issue/38/4}},
  Pages                    = {38--46},
  Volume                   = {38(4) \& 39(1)},

  Url                      = {http://iassistdata.org/iq/issue/38/4}
}

@TechReport{Schmachtenberg-2014,
  Title                    = {{State of the LOD Cloud 2014}},
  Author                   = {Schmachtenberg, Max and Bizer, Christian and Paulheim, Heiko},
  Institution              = {University of Mannheim},
  Year                     = {2014},
  Note                     = {\url{http://linkeddatacatalog.dws.informatik.uni-mannheim.de/state/}},

  Url                      = {\url{http://linkeddatacatalog.dws.informatik.uni-mannheim.de/state/}}
}

@TechReport{Schneider2009,
  Title                    = {OWL 2 Web Ontology Language RDF-Based Semantics},
  Author                   = {Schneider, Michael},
  Institution              = {W3C},
  Year                     = {2009},
  Type                     = {{W3C} Recommendation}
}

@TechReport{W3C-RDF-Primer-2014,
  Title                    = {{RDF 1.1 Primer}},
  Author                   = {Schreiber, Guus and Raimond, Yves},
  Institution              = {W3C},
  Year                     = {2014},
  Month                    = {June},
  Note                     = {\url{http://www.w3.org/TR/2014/NOTE-rdf11-primer-20140624/}},
  Type                     = {{W3C Working Group Note}},

  Url                      = {\url{http://www.w3.org/TR/2014/NOTE-rdf11-primer-20140624/}}
}

@Article{Shabo-2006,
  Title                    = {{Revolutionary Impact of XML on Biomedical Information Interoperability}},
  Author                   = {Shabo, A. and Rabinovici-Cohen, S. and Vortman, P.},
  Journal                  = {{IBM Systems Journal}},
  Year                     = {2006},
  Number                   = {2},
  Pages                    = {361-372},
  Volume                   = {45},

  Doi                      = {10.1147/sj.452.0361},
  ISSN                     = {0018-8670}
}

@Article{Shadbolt-2006,
  Title                    = {{The Semantic Web Revisited}},
  Author                   = {Shadbolt, Nigel and Berners-Lee, Tim and Hall, Wendy},
  Journal                  = {{IEEE Intelligent Systems}},
  Year                     = {2006},

  Month                    = may,
  Note                     = {\url{http://www.computer.org/csdl/mags/ex/2006/03/x3096-abs.html}},
  Number                   = {3},
  Pages                    = {96--101},
  Volume                   = {21},

  Acmid                    = {1155373},
  Address                  = {Piscataway, NJ, USA},
  Doi                      = {10.1109/MIS.2006.62},
  ISSN                     = {1541-1672},
  Keywords                 = {Semantic Web, Semantic Web, semantic networks, standards, e-science, Web services, Web services, e-science, semantic networks, standards},
  Numpages                 = {6},
  Publisher                = {IEEE Educational Activities Department},
  Url                      = {http://www.computer.org/csdl/mags/ex/2006/03/x3096-abs.html}
}

@InProceedings{Simister-2013,
  Title                    = {{Simple Application-Specific Constraints for RDF Models}},
  Author                   = {Simister, Shawn and Brickley, Dan},
  Booktitle                = {{W3C RDF Validation Workshop. Practical Assurances for Quality RDF Data}},
  Year                     = {2013},

  Address                  = {{Cambridge, MA, USA}},
  Month                    = {September},
  Note                     = {\url{http://www.w3.org/2012/12/rdf-val/}},

  Url                      = {http://www.w3.org/2012/12/rdf-val/}
}

@Article{sirin2007pellet,
  Title                    = {{Pellet: A Practical OWL-DL Reasoner}},
  Author                   = {Sirin, Evren and Parsia, Bijan and Grau, Bernardo Cuenca and Kalyanpur, Aditya and Katz, Yarden},
  Journal                  = {{Web Semantics: Science, Services and Agents on the World Wide Web}},
  Year                     = {2007},
  Number                   = {2},
  Pages                    = {51--53},
  Volume                   = {5},

  Publisher                = {Elsevier}
}

@InProceedings{SirinTao2009,
  Title                    = {Towards Integrity Constraints in OWL},
  Author                   = {E. Sirin and J. Tao},
  Booktitle                = {Proc. of the 6th Int. Workshop on OWL: Experiences and Directions, 8th Int. Semantic Web Conf.}
}

@TechReport{W3C-ShEx-Definition-2014,
  Title                    = {{Shape Expressions 1.0 Definition}},
  Author                   = {Solbrig, Harold and Prud'hommeaux, Eric},
  Institution              = {W3C},
  Year                     = {2014},
  Month                    = {June},
  Note                     = {\url{http://www.w3.org/Submission/2014/SUBM-shex-defn-20140602/}},
  Type                     = {{W3C Member Submission}},

  Url                      = {http://www.w3.org/Submission/2014/SUBM-shex-defn-20140602/}
}

@TechReport{Solbrig-2015,
  Title                    = {{A Formal Model of the Shape Expression Language}},
  Author                   = {Solbrig, Harold and Prud’hommeaux, Eric},
  Year                     = {2015},
  Note                     = {\url{https://github.com/w3c/ShEx/blob/master/ShExZ/ShExZ.pdf}},

  Url                      = {https://github.com/w3c/ShEx/blob/master/ShExZ/ShExZ.pdf}
}

@TechReport{W3C-JSON-2014,
  Title                    = {{JSON-LD 1.0 - A JSON-based Serialization for Linked Data}},
  Author                   = {Sporny, Manu and Kellogg, Gregg and Lanthaler, Markus},
  Institution              = {W3C},
  Year                     = {2014},
  Month                    = {January},
  Note                     = {http://www.w3.org/TR/2014/REC-json-ld-20140116/},
  Type                     = {{W3C Recommendation}},

  Owner                    = {Thomas},
  Timestamp                = {2014.05.03},
  Utl                      = {http://www.w3.org/TR/2014/REC-json-ld-20140116/}
}

@TechReport{SDMX-2014,
  Title                    = {{SDMX Statistical Guidelines - Content-Oriented Guidelines}},
  Author                   = {{Statistical Data and Metadata eXchange (SDMX)}},
  Institution              = {Statistical Data and Metadata eXchange (SDMX)},
  Year                     = {2014},
  Month                    = {March},
  Note                     = {\url{http://sdmx.org/?page_id=11}},
  Type                     = {{SDMX Technical Specification}},

  Url                      = {http://sdmx.org/?page_id=11}
}

@TechReport{SDMX-2013,
  Title                    = {{SDMX 2.1 Technical Specification – Consolidated Version 2013}},
  Author                   = {{Statistical Data and Metadata eXchange (SDMX)}},
  Institution              = {Statistical Data and Metadata eXchange (SDMX)},
  Year                     = {2013},
  Month                    = {April},
  Note                     = {\url{http://sdmx.org/?page_id=10}},
  Type                     = {{SDMX Technical Specification}},

  Url                      = {http://sdmx.org/?page_id=10}
}

@InProceedings{Staworko-2015,
  Title                    = {{Complexity and Expressiveness of ShEx for RDF}},
  Author                   = {Staworko, Slawek and Boneva, Iovka and Gayo, Jose E. Labra and Hym, Samuel and Prud'hommeaux, Eric G. and Solbrig, Harold},
  Booktitle                = {18th International Conference on Database Theory (ICDT 2015)},
  Year                     = {2015},

  Address                  = {Dagstuhl, Germany},
  Editor                   = {Marcelo Arenas and Mart{\'i}n Ugarte},
  Pages                    = {195--211},
  Publisher                = {Schloss Dagstuhl –Leibniz Center for Informatics},
  Series                   = {Leibniz International Proceedings in Informatics (LIPIcs)},
  Volume                   = {31},

  Annote                   = {Keywords: RDF, Schema, Graph topology, Validation, Complexity, Expressiveness},
  Doi                      = {http://dx.doi.org/10.4230/LIPIcs.ICDT.2015.195},
  ISBN                     = {978-3-939897-79-8},
  ISSN                     = {1868-8969},
  Url                      = {http://drops.dagstuhl.de/opus/volltexte/2015/4985},
  Urn                      = {urn:nbn:de:0030-drops-49856}
}

@Book{Steinberg-2009,
  Title                    = {{EMF: Eclipse Modeling Framework}},
  Author                   = {Steinberg, Dave and Budinsky, Frank and Paternostro, Marcelo and Merks, Ed},
  Publisher                = {{Addison-Wesley Professional}},
  Year                     = {2009},
  Edition                  = {2nd},

  ISBN                     = {0321331885}
}

@Book{Stuckenschmidt-2011,
  Title                    = {{Ontologien, Konzepte, Technologien und Anwendungen}},
  Author                   = {Stuckenschmidt, Heiner},
  Publisher                = {{Springer}},
  Year                     = {2011},

  Address                  = {Berlin, Heidelberg, Germany},

  ISBN                     = {978-3-642-05403-7},
  Publisherplace           = {Berlin, Heidelberg, Germany}
}

@InProceedings{stuckenschmidt2008debugging,
  Title                    = {{Debugging OWL Ontologies - A Reality Check}},
  Author                   = {Stuckenschmidt, Heiner},
  Booktitle                = {{Proceedings of the 6th International Workshop on Evaluation of Ontology-based Tools and the Semantic Web Service Challenge (EON-SWSC)}},
  Year                     = {2008},

  Address                  = {{Tenerife, Spain}},
  Month                    = {{June}}
}

@InProceedings{Taha-2008,
  Title                    = {Domain-Specific Languages},
  Author                   = {Taha, Walid},
  Booktitle                = {Proc. of the 15th Int. Conf. on Computer Engineering and Systems},
  Year                     = {2008},

  Address                  = {Houston, TX, USA}
}

@PhdThesis{tao2012integrity,
  Title                    = {{Integrity Constraints for the Semantic Web: An OWL 2 DL Extension}},
  Author                   = {Tao, Jiao},
  School                   = {{Rensselaer Polytechnic Institute}},
  Year                     = {2012}
}

@InProceedings{Tao-2010,
  Title                    = {Integrity Constraints in OWL},
  Author                   = {Tao, Jiao and Sirin, Evren and Bao, Jie and McGuinness, Deborah L.},
  Booktitle                = {Proc. of the 24th AAAI Conf. on Artificial Intelligence},
  Year                     = {2010},

  Address                  = {{Atlanta, Georgia, USA}}
}

@TechReport{Thompson2004,
  Title                    = {{XML Schema Part 1: Structures Second Edition}},
  Author                   = {Thompson, Henry S. and Beech, David and Maloney, Murray and Mendelsohn, Noah},
  Institution              = {W3C},
  Year                     = {2004},
  Month                    = {10},
  Note                     = {\url{http://www.w3.org/TR/2004/REC-xmlschema-1-20041028/}},
  Type                     = {{W3C Recommendation}},

  Abstract                 = {XML Schema: Structures specifies the XML Schema definition language, which offers facilities for describing the structure and constraining the contents of XML 1.0 documents, including those which exploit the XML Namespace facility. The schema language, which is itself represented in XML 1.0 and uses namespaces, substantially reconstructs and considerably extends the capabilities found in XML 1.0 document type definitions (DTDs). This specification depends on XML Schema Part 2: Datatypes.},
  Added-at                 = {2011-08-01T14:42:26.000+0200},
  Biburl                   = {http://www.bibsonomy.org/bibtex/2388dc5a6535f6ec7483939d8d0f7fe2a/voj},
  Editor                   = {Thompson, Henry S. and Beech, David and Maloney, Murray and Mendelsohn, Noah},
  HowPublished             = {{W3C Recommendation}},
  Interhash                = {74e1de9dec52d9843d6197ffd24059cb},
  Intrahash                = {388dc5a6535f6ec7483939d8d0f7fe2a},
  Keywords                 = {standard xml xsd},
  Timestamp                = {2011-08-01T14:44:44.000+0200},
  Url                      = {http://www.w3.org/TR/2004/REC-xmlschema-1-20041028/}
}

@InCollection{Tous-2005,
  Title                    = {{Architecture of a Semantic XPath Processor. Application to Digital Rights Management}},
  Author                   = {Tous, Rub{\'e}n and Garc\'{\i}a, Roberto and Rodr\'{\i}guez, Eva and Delgado, Jaime},
  Booktitle                = {{E-Commerce and Web Technologies}},
  Publisher                = {Springer Berlin Heidelberg},
  Year                     = {2005},
  Editor                   = {Bauknecht, Kurt and Pröll, Birgit and Werthner, Hannes},
  Pages                    = {1-10},
  Series                   = {Lecture Notes in Computer Science},
  Volume                   = {3590},

  Doi                      = {10.1007/11545163_1},
  ISBN                     = {978-3-540-28467-3},
  Language                 = {English},
  Url                      = {http://dx.doi.org/10.1007/11545163_1}
}

@InCollection{tsarkov2006fact++,
  Title                    = {{FaCT++ Description Logic Reasoner: System Description}},
  Author                   = {Tsarkov, Dmitry and Horrocks, Ian},
  Booktitle                = {{Automated Reasoning}},
  Publisher                = {Springer},
  Year                     = {2006},
  Pages                    = {292--297}
}

@Article{Vale-2010,
  Title                    = {{Exploring the Relationship between DDI, SDMX and the Generic Statistical Business Process Model}},
  Author                   = {Vale, Steven},
  Journal                  = {{DDI Working Paper Series}},
  Year                     = {2010},
  Note                     = {\url{http://www.ddialliance.org/resources/publications/working/othertopics/ExploringRelationshipBetweenDDI-SDMX-GSBPM.pdf}},

  ISSN                     = {2153-8247},
  Url                      = {http://www.ddialliance.org/resources/publications/working/othertopics/ExploringRelationshipBetweenDDI-SDMX-GSBPM.pdf}
}

@TechReport{van-der-Vlist-2013,
  Title                    = {{Examplotron}},
  Author                   = {{van der Vlist, Eric}},
  Institution              = {Dyomedea},
  Year                     = {2013},
  Note                     = {\url{http://examplotron.org/0/8/}},
  Type                     = {{Specification}}
}

@Article{Vardigan-2013,
  Title                    = {{The DDI Matures: 1997 to the Present}},
  Author                   = {Vardigan, Mary},
  Journal                  = {{IASSIST Quarterly}},
  Year                     = {2013},
  Note                     = {\url{http://iassistdata.org/downloads/iqvol371_4_vardigan.pdf}},
  Number                   = {1},
  Pages                    = {45--50},
  Volume                   = {37},

  Issue                    = {1},
  Url                      = {http://iassistdata.org/downloads/iqvol371_4_vardigan.pdf}
}

@Article{Vardigan-2-2013,
  Title                    = {{DDI Timeline}},
  Author                   = {Vardigan, Mary},
  Journal                  = {{IASSIST Quarterly}},
  Year                     = {2013},
  Note                     = {\url{http://iassistdata.org/downloads/iqvol371_4_vardigan2.pdf}},
  Number                   = {1},
  Pages                    = {51--56},
  Volume                   = {37},

  Issue                    = {1},
  Url                      = {http://iassistdata.org/downloads/iqvol371_4_vardigan2.pdf}
}

@Article{Vardigan-2008,
  Title                    = {Data Documentation Initiative: Toward a Standard for the Social Sciences},
  Author                   = {Vardigan, Mary and Heus, Pascal and Thomas, Wendy},
  Journal                  = {Int. Journal of Digital Curation},
  Year                     = {2008},
  Number                   = {1},
  Pages                    = {107 - 113},
  Volume                   = {3},

  Doi                      = {doi:10.2218/ijdc.v3i1.45},
  Editor                   = {Monfort, Valérie and Gargouri, Faiez and Ghedira, Khaled and Meziane, Abdelkrim}
}

@Book{van-der-Vlist-2007,
  Title                    = {{Schematron}},
  Author                   = {van der Vlist, Eric},
  Publisher                = {O'Reilly Media, Inc.},
  Year                     = {2007},
  Note                     = {\url{https://library.oreilly.com/book/9780596527716/schematron/toc}},

  ISBN                     = {978-0-596-55874-1},
  Url                      = {https://library.oreilly.com/book/9780596527716/schematron/toc}
}

@Book{van-der-Vlist-2003,
  Title                    = {{RELAX NG}},
  Author                   = {van der Vlist, Eric},
  Publisher                = {{O'Reilly Media, Inc.}},
  Year                     = {2003},
  Note                     = {\url{http://shop.oreilly.com/product/9780596004217.do}},

  Url                      = {http://shop.oreilly.com/product/9780596004217.do}
}

@TechReport{van-der-Vlist-2002,
  Title                    = {{Relax NG, Compared}},
  Author                   = {van der Vlist, Eric},
  Institution              = {O'Reilly Media, Inc.},
  Year                     = {2002},
  Month                    = {January},
  Note                     = {\url{http://www.xml.com/lpt/a/2002/01/23/relaxng.html}},

  Url                      = {http://www.xml.com/lpt/a/2002/01/23/relaxng.html}
}

@Book{van-der-Vlist-XML-Schema-2002,
  Title                    = {{XML Schema - The W3C's Object-Oriented Descriptions for XML}},
  Author                   = {van der Vlist, Eric},
  Publisher                = {O'Reilly Media, Inc.},
  Year                     = {2002},
  Note                     = {\url{http://shop.oreilly.com/product/9780596002527.do}},

  Url                      = {http://shop.oreilly.com/product/9780596002527.do}
}

@TechReport{van-der-Vlist-2001,
  Title                    = {{Comparing XML Schema Languages}},
  Author                   = {van der Vlist, Eric},
  Institution              = {O'Reilly Media, Inc.},
  Year                     = {2001},
  Month                    = {December},
  Note                     = {\url{http://www.xml.com/pub/a/2001/12/12/schemacompare.html}},

  Url                      = {http://www.xml.com/pub/a/2001/12/12/schemacompare.html}
}

@TechReport{Volz-2003,
  Title                    = {{OntoLiFT Prototype – WonderWeb: Ontology Infrastructure for the Semantic Web}},
  Author                   = {Volz, R. and Oberle, D. and Staab, S. and Studer R.},
  Year                     = {2003},
  Note                     = {http://wonderweb.man.ac.uk/deliverables/documents/D11.pdf},

  Url                      = {http://wonderweb.man.ac.uk/deliverables/documents/D11.pdf}
}

@Article{VomprasGregoryBoschWackerow2015,
  Title                    = {{Scenarios for the DDI-RDF Discovery Vocabulary}},
  Author                   = {Vompras, Johanna and Gregory, Arofan and Bosch, Thomas and Wackerow, Joachim},
  Journal                  = {{DDI Working Paper Series}},
  Year                     = {2015},
  Note                     = {\url{http://dx.doi.org/10.3886/DDISemanticWeb02}},

  Doi                      = {http://dx.doi.org/10.3886/DDISemanticWeb02},
  ISSN                     = {2153-8247},
  Url                      = {http://dx.doi.org/10.3886/DDISemanticWeb02}
}

@InProceedings{Vrandecic-2010,
  Title                    = {Semantics of Governmental Statistics Data},
  Author                   = {Vrandecic, Denny and Lange, Christoph and Hausenblas, Michael and Bao, Jie and Ding, Li},
  Booktitle                = {Proc. of the 2nd Int. ACM Web Science Conf.}
}

@InProceedings{Wackerow-2008,
  Title                    = {{The Data Documentation Initiative (DDI)}},
  Author                   = {Wackerow, Joachim},
  Booktitle                = {{Proceedings of the 8th DCMI International Conference on Dublin Core and Metadata Applications (DC 2008)}},
  Year                     = {2008},

  Address                  = {{Berlin, Germany}}
}

@TechReport{WackerowHoyleBosch2015,
  Title                    = {Physical Data Description},
  Author                   = {Wackerow, Joachim and Hoyle, Larry and Bosch, Thomas},
  Institution              = {DDI Alliance},
  Year                     = {2016},
  Type                     = {DDI Alliance Specification}
}

@Book{Walmsley-2012,
  Title                    = {{Definitive XML Schema}},
  Author                   = {Walmsley, Priscilla},
  Publisher                = {Prentice Hall Press},
  Year                     = {2012},

  Address                  = {Upper Saddle River, NJ, USA},
  Edition                  = {2nd},
  Note                     = {\url{http://dl.acm.org/citation.cfm?id=2392683}},

  ISBN                     = {0132886723, 9780132886727},
  Url                      = {http://dl.acm.org/citation.cfm?id=2392683}
}

@TechReport{OGC-2008,
  Title                    = {{KML - Version 2.2.0}},
  Author                   = {{Wilson, Tim}},
  Institution              = {{Open Geospatial Consortium Inc.}},
  Year                     = {2008},
  Month                    = {April},
  Note                     = {http://www.opengeospatial.org/standards/kml},
  Type                     = {{Open Geospatial Consortium Inc. Specification}},

  Url                      = {http://www.opengeospatial.org/standards/kml}
}

@Article{Wira-Alam-2009,
  Title                    = {{Implementing DDI 3: The German Microcensus Case Study}},
  Author                   = {Wira-Alam, Andias and Hopt, Oliver},
  Journal                  = {{IASSIST Quarterly}},
  Year                     = {2009},
  Note                     = {\url{http://www.iassistdata.org/sites/default/files/iq/iqvol3312hopt.pdf}},
  Number                   = {1},
  Pages                    = {16--22},
  Volume                   = {33},

  Issue                    = {1},
  Url                      = {http://www.iassistdata.org/sites/default/files/iq/iqvol3312hopt.pdf}
}

@Book{Wyke-2002,
  Title                    = {{XML Schema Essentials}},
  Author                   = {Wyke, R. Allen and Watt, Andrew},
  Publisher                = {John Wiley \& Sons, Inc.},
  Year                     = {2002},

  Address                  = {New York, NY, USA},

  ISBN                     = {0471412597}
}

@Book{Baader-2003,
  Title                    = {The Description Logic Handbook: Theory, Implementation, and Applications},
  Editor                   = {Baader, Franz and Calvanese, Diego and McGuinness, Deborah L. and Nardi, Daniele and Patel-Schneider, Peter F.},
  Publisher                = {Cambridge University Press},
  Year                     = {2003},

  Address                  = {New York, NY, USA}
}

